3334 5734
376 771 443 841 282
741 784 940 836 nncrrorrus
962 784 1095 834 verim

381 979 588 1038 armatorum
615 967 869 1036 multitudinem
896 966 1083 1033 adduxisse
1107 964 1198 1048 quod
1226 964 1344 1047 aliquo
1368 962 1469 1028 modo

381 1079 521 1157 possent
535 1091 597 1156 per
611 1068 754 1136 eundem
767 1066 989 1153 praegravari.
1026 1065 1177 1142 Interea,
1189 1064 1370 1130 occasione
1384 1081 1469 1145 prae·

382 1169 555 1237 muniendi
571 1169 596 1235 J
597 1189 721 1254 oppon,
735 1167 779 1233 ad
795 1177 912 1252 partes
925 1166 1004 1231 illas
1021 1165 1206 1231 declinavit
1221 1184 1300 1229 cum
1315 1163 1470 1227 exercitu

384 1270 592 1350 Christiano,
605 1276 645 1335 ut
659 1269 769 1352 magis
791 1267 1083 1352 appropinquaret
1098 1263 1261 1343 Soldano‚
1277 1270 1314 1328 ct
1332 1270 1373 1327 ut
1388 1261 1473 1326 iaci·

382 1370 449 1436 lius
465 1377 607 1455 possent
623 1365 766 1455 [nuntii]
784 1366 973 1432 discurrere
987 1384 1050 1449 pro
1064 1382 1151 1449 pace
1163 1363 1220 1429 vel
1237 1370 1364 1445 treuga
1382 1362 1472 1426 obti-

383 1469 507 1535 nenda.
547 1469 638 1548 Quid
649 1468 768 1552 plural
804 1466 892 1532 Post
900 1466 1041 1548 longum
1053 1472 1089 1530 et
1098 1464 1262 1529 latentem
1272 1469 1473 1538 tractatum,

384 1568 511 1634 nullius
532 1567 575 1633 de
596 1574 687 1633 terra
707 1566 849 1633 consilio
870 1566 1047 1649 requisito,
1068 1563 1305 1647 pronuntiauit
1324 1559 1472 1645 quadam

385 1667 440 1734 dic
452 1669 567 1734 subito
577 1666 668 1752 quod
682 1686 801 1750 pacem
814 1664 941 1731 fecerat
951 1684 1029 1730 cum
1038 1663 1204 1744 Soldano;
1222 1661 1367 1727 formam
1378 1660 1474 1743 pacis

385 1769 441 1833 vel
465 1776 596 1850 treugas
621 1766 735 1832 nullus
759 1765 859 1843 vidit,
886 1764 1024 1848 quando
1052 1763 1096 1829 de
1124 1761 1303 1827 servandis
1325 1779 1474 1825 conven-

386 1867 536 1932 tiouibns
549 1867 637 1931 idem
650 1866 835 1949 imperator
856 1864 1018 1948 praestitit
1031 1869 1293 1927 sacramentum.
1333 1859 1476 1938 Quanta

387 1973 502 2032 autem
523 1966 626 2033 luerit
646 1964 788 2043 malitia,
810 1982 914 2048 quam
930 1962 1168 2027 fraudulentus
1190 1967 1372 2036 tractatus,
1390 1977 1474 2042 quo-

388 2065 532 2131 rundam
547 2065 774 2149 capitulorum
791 2071 920 2140 tenore,
941 2081 1019 2145 quae
1041 2062 1140 2128 vobis
1162 2061 1199 2126 iu
1215 2060 1355 2142 scriptis
1375 2059 1476 2124 duxi·

388 2183 465 2229 mus
482 2163 756 2241 transmittenda,
776 2180 983 2245 cognoscere
997 2161 1154 2244 poteritis
1168 2160 1369 2236 euidenter;
1394 2158 1477 2241 quis

388 2265 585 2347 imperator,
596 2263 641 2327 ad
658 2261 941 2345 magnificandam
954 2280 1073 2326 vocem
1087 2279 1197 2337 suam,
1209 2277 1330 2324 vocem
1343 2265 1474 2322 tautum

389 2362 515 2430 habere
530 2362 651 2439 voluit,
673 2369 709 2427 et
724 2380 841 2427 vocem
858 2360 1005 2425 obtinuit
1019 2378 1041 2424 a
1057 2358 1218 2424 Soldano.
1268 2358 1371 2423 Dixit
1388 2358 1477 2421 enim

389 2462 480 2527 inter
493 2468 629 2538 caetera,
652 2459 743 2544 quod
762 2460 828 2524 sibi
850 2467 926 2525 crat
940 2466 1062 2524 sancta
1081 2458 1205 2524 civitas
1227 2457 1412 2535 restituta3
1434 2456 1477 2520 ud

390 2579 494 2645 quam
509 2579 585 2625 cum
597 2561 632 2624 in
645 2559 765 2641 vigilis
782 2558 985 2635 Dominicis,
998 2577 1068 2642 qua
1082 2565 1243 2622 cantatur
1254 2556 1377 2622 ‘Oculi
1390 2557 1479 2634 mei,’

391 2678 469 2725 cum
489 2659 642 2725 exercitu
664 2658 860 2725 Christiano
874 2658 1019 2736 veniret,
1043 2658 1099 2724 die
1120 2657 1277 2741 sequenti
1298 2655 1481 2721 Dominica

392 2759 478 2825 satis
496 2758 689 2824 inordinate
711 2759 864 2841 satisque
886 2757 1026 2823 confuse
1040 2756 1355 2823 excommunicatus
1374 2756 1411 2819 in
1424 2775 1479 2819 ec·

393 2859 499 2925 alesia
527 2858 700 2923 Dominici
729 2856 911 2941 sepulchri,
944 2857 981 2921 in
1005 2855 1241 2941 praejudicium
1271 2855 1412 2921 honoris
1440 2874 1481 2919 ac

394 2957 608 3024 excellentie
634 2957 818 3040 imperialis
844 2956 1073 3035 manifestum,
1096 2975 1161 3021 suo
1188 2955 1293 3039 capiti
1319 2955 1483 3038 imposuit

394 3057 563 3135 diadema,
582 3056 761 3122 Saracenis
783 3056 946 3140 templum
970 3055 1109 3121 Domini
1131 3073 1173 3121 ac
1196 3053 1364 3137 templum
1388 3053 1484 3119 Salo-

396 3158 508 3223 monis
534 3158 571 3221 in
597 3175 701 3221 manu
722 3173 786 3220 sua
810 3156 1034 3220 retinentibus
1060 3173 1102 3221 ac
1133 3155 1245 3234 legem
1272 3152 1485 3219 Macbometi

398 3256 544 3339 publice,
575 3256 665 3321 sicut
689 3256 796 3339 prius,
821 3254 1123 3338 proclamantibus,
1147 3274 1216 3320 non
1238 3253 1312 3318 sine
1336 3254 1485 3336 peregri-

397 3374 519 3420 norum
540 3354 737 3420 confusione
757 3355 911 3419 maxima
931 3361 967 3419 et
980 3354 1109 3420 dolore.
1160 3352 1257 3418 Idem
1277 3372 1362 3417 vero
1383 3354 1486 3437 impe·

397 3462 504 3532 rator,
520 3473 597 3519 cum
622 3473 660 3519 se
683 3453 896 3519 firmaturum
923 3454 1098 3519 civitatem
1126 3462 1229 3519 antee
1252 3451 1489 3536 multipliciter

398 3554 624 3636 promisisset,
642 3554 799 3636 sequenti
823 3553 880 3617 die
902 3552 1010 3617 Lunoe
1034 3572 1168 3618 summo
1185 3550 1335 3617 diluculo
1357 3553 1489 3635 primus

400 3651 574 3718 civitatem
596 3653 715 3728 exivit,
740 3653 875 3717 nemine
896 3652 1069 3733 salutato;
1095 3653 1161 3717 sibi
1173 3652 1336 3717 fratribus
1352 3650 1489 3735 Templi

400 3759 436 3817 et
467 3751 663 3835 Hospitalis
694 3752 982 3834 praesentantibus
1016 3752 1213 3817 solemniter
1242 3756 1278 3816 et
1306 3750 1490 3827 instanter,

402 3851 494 3934 quod
519 3851 550 3915 si
573 3850 677 3916 vellet
691 3850 839 3929 firmare,
866 3852 955 3916 sicut
979 3852 1193 3934 promiserat,
1215 3850 1404 3928 civitatem,
1425 3850 1490 3933 ipsi

403 3953 435 4018 ei
459 3958 626 4035 quantum
646 3957 787 4033 possent
806 3950 987 4016 consilium
1012 3959 1049 4017 et
1062 3951 1230 4016 auxilium
1249 3949 1292 4013 ad
1314 3949 1347 4013 id
1365 3950 1492 4014 facien-

403 4052 483 4116 dum
499 4057 747 4133 compararent.
798 4049 866 4114 Sed
885 4051 971 4133 ipse,
995 4052 1056 4134 qui
1071 4051 1115 4114 de
1130 4046 1332 4131 corrigendo
1352 4048 1491 4131 negotio

406 4170 475 4216 nou
490 4151 644 4227 curabat,
660 4149 781 4214 videns
796 4148 889 4233 quod
908 4148 1036 4216 factum
1060 4148 1145 4214 illud
1167 4148 1295 4213 nullius
1318 4147 1492 4214 firmitatis

405 4251 509 4315 robur
535 4250 715 4325 obtineret,
740 4268 802 4313 nec
827 4248 962 4328 civitas,
984 4250 1075 4315 sicut
1095 4249 1255 4314 restituta
1276 4256 1364 4327 erat,
1387 4247 1494 4314 teneri

406 4357 541 4433 poterat
560 4368 623 4414 nec
648 4347 787 4426 firmari,
809 4349 1021 4415 solummodo
1049 4368 1135 4414 uoce
1160 4348 1389 4413 restitutionis
1414 4367 1495 4412 oon·
1554 4374 1557 4379 ·

407 4457 524 4514 tentus
537 4449 614 4532 ipsa
628 4447 682 4512 die
696 4467 815 4513 versus
830 4447 853 4513 J
856 4468 969 4533 oppen
984 4468 1060 4514 cum
1077 4467 1142 4513 sua
1155 4447 1285 4512 familia
1299 4446 1495 4525 festinarim

407 4547 498 4631 quod
524 4568 602 4613 cum
627 4548 779 4613 viderent
798 4548 980 4631 peregrini,
999 4549 1058 4631 qui
1080 4567 1155 4613 cum
1182 4548 1258 4630 ipso
1283 4547 1498 4612 intraverant
