3334 5734
596 787 794 839 nnorrorrs
815 788 949 840 venire
1247 775 1314 843 m

276 972 366 1039 unde
386 991 479 1058 pepe
501 973 714 1058 perpendens
743 980 861 1038 notam
886 971 1040 1042 simoniae
1063 982 1099 1041 et
1118 975 1314 1043 ambitionis

276 1073 367 1139 dixit
378 1074 415 1138 in
431 1073 533 1139 eorde
546 1093 611 1140 suo
625 1073 712 1140 illud
726 1072 947 1153 ovidianum,

527 1223 589 1285 ‘Et
601 1224 699 1285 stricto
713 1224 851 1305 supplioet
865 1244 932 1285 ense
944 1222 1062 1305 potens'

277 1376 378 1445 Unde
392 1396 453 1444 eor
466 1377 595 1445 domini
610 1396 711 1463 pepe
727 1398 797 1444 non
813 1388 889 1446 erut
902 1380 989 1445 bene
1002 1397 1079 1444 oum
1095 1395 1146 1443 eo.

235 1526 292 1566 ΡΑΘ.
315 1526 367 1566 ΠΙ.

227 1603 304 1686 267,
319 1607 374 1685 22,
388 1604 526 1671 matter
622 1604 705 1689 quie
725 1605 866 1671 carebat
878 1604 1145 1691 dispensatione,
1167 1600 1316 1669 creditur

396 1703 575 1793 reprobetur
644 1705 976 1789 reprobetue31icet
1002 1704 1188 1787 allegatum
1213 1701 1316 1769 inerit

644 1811 777 1884 contro,
809 1806 902 1889 qnod
937 1824 979 1870 ee
1006 1803 1206 1889 possederat
1234 1810 1315 1868 ente

641 1904 837 1972 concilium.

191 2023 277 2087 ’-
320 2026 520 2108 invidum
622 2026 1200 2108 additPuris.,similisfneteSerae
1214 2027 1316 2092 uxori

641 2127 824 2295 iiiiii
845 2127 926 2194 “¹³⁸³
950 2127 1130 2211 Μὴ
1155 2133 1209 2194 ²⁰²
1231 2126 1315 2194 'iffi

224 2389 277 2403 -
319 2349 564 2431 iimitem
618 2352 711 2420 addit
732 2353 855 2434 Paris,
869 2354 981 2420 virum
1001 2353 1155 2420 honeste
1173 2372 1313 2421 conver·

641 2452 785 2520 sotionis
801 2461 838 2521 et
852 2455 939 2520 bene
953 2454 1138 2521 literatum.

225 2579 302 2657 268,
317 2579 371 2657 23,
386 2577 475 2644 tortio
620 2578 771 2658 seeundo
788 2586 824 2645 et
838 2578 951 2645 tertio.

225 2746 276 2759 -
319 2706 373 2780 25,
387 2701 516 2790 quidem
622 2701 772 2785 quidum,
790 2701 965 2767 Robertns
980 2700 1112 2768 Beoun.

225 2872 275 2885 -
318 2830 372 2908 32,
387 2827 454 2916 rapi
621 2824 710 2892 deod

226 2990 277 3002 -
319 2988 364 3002 -
385 2949 571 3039 ripririmit
622 2968 686 3016 rex
713 2946 963 3032 aliquantulum
992 2948 1029 3012 in
1059 2948 1175 3033 seipso
1199 2968 1237 3015 se
1262 2969 1316 3015 re·

646 3048 812 3132 colligens
825 3067 886 3114 eor
901 3067 1001 3113 suum
1023 3048 1148 3114 rationi
1173 3048 1316 3116 incline·

645 3148 709 3228 vit,
725 3155 772 3227 et,
781 3167 859 3214 enm
873 3148 925 3213 sio
937 3146 1069 3213 videret
1082 3167 1161 3214 eum
1177 3149 1316 3233 mitige-

646 3257 732 3328 tnm,
749 3247 889 3331 quidam
905 3247 1049 3313 clericus
1071 3248 1115 3314 de
1130 3250 1237 3329 curie,
1252 3250 1319 3315 sei·

644 3348 726 3415 iicet
750 3348 911 3432 Rogems
934 3346 1066 3427 Bacun,
1084 3348 1257 3435 jocundus
1281 3349 1318 3414 in

646 3467 813 3527 sermone,
831 3447 982 3533 jocunde
1005 3466 1045 3513 ac
1060 3448 1184 3532 lepide,
1200 3447 1319 3533 cynice

647 3555 761 3614 tamen
786 3546 1047 3633 reprehendens,
1072 3549 1134 3627 nit,
1149 3548 1319 3614 ‘Domine

646 3650 694 3714 mi
710 3668 785 3727 rex,
804 3647 887 3732 quid
911 3647 989 3731 plus
1006 3653 1109 3713 nocet
1132 3655 1229 3714 truns
1251 3647 1320 3714 fre-

648 3756 720 3814 tum
751 3747 1006 3832 navigantibus,
1037 3754 1100 3813 eut
1129 3746 1317 3832 quidplus

647 3848 788 3914 terreti’
838 3846 888 3913 At
909 3865 984 3925 rex,
1004 3845 1210 3912 ‘Noverunt
1234 3847 1319 3913 seci-

647 3954 743 4013 entes
764 3945 980 4032 operationes
1002 3945 1039 4010 in
1057 3946 1155 4030 equis
1177 3946 1319 4014 multis.’

647 4045 698 4114 At
711 4048 875 4127 olerieus3
901 4045 1087 4124 ‘Domine,
1099 4045 1233 4129 dienm3
1258 4065 1319 4130 pe-

648 4154 711 4213 trae
726 4153 761 4212 ot
776 4145 911 4229 rupes3’
935 4164 977 4211 ec
992 4144 1054 4229 [si]
1069 4144 1241 4213 diceretur
1254 4146 1318 4213 Pe·

648 4254 723 4313 trus
743 4245 787 4311 do
806 4245 977 4330 Rupibus.
1030 4244 1111 4311 Hoe
1131 4246 1223 4312 enim
1244 4254 1319 4313 eret

648 4366 771 4412 nomen
798 4344 951 4431 episoopi
971 4344 1221 4412 wintoniensis
1241 4366 1318 4413 eum

645 4447 710 4512 tuii
726 4451 966 4531 eognornento.
1008 4444 1223 4529 Signifieuvit
1236 4466 1320 4530 ergo

645 4564 720 4611 rex.
