3334 5734
391 795 457 862 260
755 815 953 865 uuorrouus
975 816 1105 866 vanis.

394 996 568 1078 magnalia
582 997 657 1064 htcc
673 998 723 1063 eis
738 998 897 1076 adscribi,
919 999 979 1083 qni
1000 1018 1023 1065 a
1044 1006 1120 1065 tota
1143 995 1405 1064 christianitate
1429 1003 1480 1061 tot

394 1104 580 1178 proventus
603 1099 785 1182 recipiunt,
808 1107 845 1164 et
860 1100 905 1164 ad
930 1099 1144 1165 solummodo
1165 1097 1310 1163 Terram
1326 1104 1480 1162 sancum

393 1195 637 1263 defendendam
657 1206 773 1264 tantos
792 1199 945 1264 redditus
966 1197 1157 1281 inglutinat
1169 1205 1206 1263 et
1218 1199 1318 1281 quasi
1331 1198 1368 1262 in
1381 1215 1480 1262 vora·

394 1295 472 1376 gine
489 1297 641 1363 barathri
656 1298 871 1381 demergunt,
892 1299 1173 1382 significaverunt
1186 1297 1329 1364 subdole
1344 1317 1386 1362 ac
1403 1316 1482 1380 pro-
1596 1382 1598 1384 Ι

393 1394 516 1460 ditiose
548 1397 700 1463 Soldano
728 1398 942 1482 Babylouiae,
973 1398 1064 1481 quod
1094 1397 1279 1481 imperator
1303 1397 1482 1482 proposuit

392 1494 486 1559 adire
517 1495 643 1562 flumen
673 1499 732 1563 uhi
765 1496 924 1564 Christus
954 1498 1150 1581 baptizatus
1182 1504 1237 1562 est
1268 1516 1290 1561 a
1319 1496 1480 1562 Johanne

393 1593 565 1677 Baptista,
589 1597 713 1662 ibidem
747 1596 875 1662 Christi
905 1597 1052 1680 vestigia
1083 1604 1120 1662 et
1145 1597 1366 1680 precursoris
1390 1595 1479 1680 ejus-

392 1693 481 1772 dcm,
514 1715 584 1779 quo
614 1716 683 1761 nou
714 1696 825 1781 major
856 1697 1006 1761 surrexit
1033 1697 1123 1761 inter
1157 1703 1257 1761 natos
1287 1697 1479 1772 mulierum,

392 1792 509 1875 pedes,
531 1796 618 1861 etin
638 1796 747 1861 laneis
769 1815 846 1861 cum
863 1815 971 1880 parvo
997 1796 1175 1872 comitatu,
1193 1796 1281 1860 clam
1306 1796 1479 1860 humiliter

391 1892 618 1975 adoraturus3
644 1904 680 1962 et
692 1896 816 1961 ibidem
841 1904 958 1979 posset
974 1895 1017 1960 ad
1032 1904 1150 1960 votum
1172 1895 1314 1961 eundem
1332 1896 1479 1978 impera·

393 1999 501 2058 torem
517 1995 573 2061 vel
588 2014 712 2079 capere
728 1996 784 2060 vel
799 1996 979 2060 trucidare.
1024 1994 1126 2073 Quod
1148 2014 1227 2060 cum
1248 1996 1384 2060 audiret
1405 1994 1481 2059 Sol·

390 2090 502 2158 danus
517 2089 736 2173 memoratus,
750 2103 785 2161 et
798 2114 902 2178 snper
914 2095 979 2159 hoc
993 2093 1146 2160 chartam
1162 2103 1247 2159 noto
1273 2095 1339 2159 sihi
1362 2094 1477 2177 sigillo

390 2192 561 2275 signatam
603 2196 853 2278 conspexisset,
890 2196 1080 2260 detestatus
1115 2200 1169 2261 ost
1204 2193 1477 2259 Christianorum

390 2294 589 2372 versutiam,
610 2295 787 2372 invidiam,
812 2302 849 2359 et
869 2294 1106 2377 proditionem,
1128 2301 1164 2359 et
1179 2294 1330 2358 maxime
1347 2313 1475 2370 eorum,

389 2392 449 2473 qui
463 2392 669 2458 ridebantur
687 2393 841 2458 habitum
861 2393 1036 2475 religionis
1059 2413 1137 2458 cum
1153 2394 1264 2458 crucis
1280 2393 1477 2458 charactere

389 2489 565 2575 bajulare3
601 2503 638 2557 et
664 2493 837 2558 advocans
860 2492 947 2557 duos
977 2492 1223 2558 secretissimos
1246 2512 1287 2557 ac
1310 2492 1477 2557 discretos

388 2590 602 2657 consiliarios
625 2593 806 2658 instillavit
829 2593 970 2656 auribus
996 2592 1132 2657 illorum
1160 2592 1331 2669 universa,
1363 2600 1476 2657 osten·

388 2688 473 2754 dens
488 2692 538 2756 eis
558 2692 751 2776 epistolam,
765 2693 820 2758 oui
837 2692 949 2757 adhuc
962 2692 1098 2773 signnm
1122 2691 1329 2769 moerebat,
1354 2699 1391 2757 et
1416 2693 1476 2769 ait,

388 2788 504 2855 ‘Ecce
518 2790 666 2857 fidelitas
681 2791 976 2859 Christianorum!
1012 2790 1250 2875 Inspectisque
1264 2790 1383 2866 literis,
1400 2799 1477 2874 post

388 2888 528 2972 longam
553 2910 595 2957 ac
619 2892 817 2975 diligentem
840 2891 1116 2956 deliberationem
1145 2892 1195 2956 sic
1217 2890 1476 2974 responderunt,

389 2991 569 3070 ‘Domine
600 2993 688 3058 inita
717 2999 771 3057 est
801 3010 872 3075 pax
902 2991 1084 3074 utrobique
1113 2990 1337 3074 beneplacita,
1373 3009 1474 3073 quam

389 3090 519 3156 violare
540 3090 768 3157 facinorosum
791 3090 904 3171 foret;
927 3090 1000 3168 sed,
1024 3089 1067 3155 ad
1094 3090 1242 3155 omnium
1265 3088 1475 3155 Christiano

388 3209 464 3255 rum
481 3191 726 3269 confusionem,
743 3190 891 3255 mittatis
906 3189 994 3254 hano
1007 3189 1199 3274 epistolam,
1212 3208 1289 3254 cum
1307 3190 1409 3272 siguo
1420 3189 1475 3255 ad·

388 3289 545 3368 haerenti,
569 3292 636 3374 ipsi
661 3288 870 3374 imperatori,
897 3298 932 3355 et
959 3288 1025 3353 erit
1051 3290 1149 3354 vobis
1176 3289 1413 3368 amicissimus,
1442 3298 1476 3355 et

388 3391 533 3454 merito'
584 3389 740 3468 Quorum
757 3390 909 3454 consiliis
932 3387 1103 3454 Soldauus
1125 3389 1367 3472 obtemperans
1383 3390 1475 3454 misit

388 3490 513 3554 dictam
531 3489 711 3572 epistolam
732 3488 942 3573 imperatori,
958 3495 994 3552 et
1007 3507 1141 3553 omnem
1157 3488 1311 3554 dolorum
1328 3488 1476 3572 [dolum]

388 3588 611 3673 praelocutum
621 3589 653 3653 ei
664 3589 891 3653 denuntiavit.
926 3586 1085 3671 Insuper,
1097 3588 1179 3652 dnm
1190 3587 1263 3653 hoec
1274 3587 1407 3665 fierent,
1419 3590 1476 3653 im·

388 3697 526 3774 perator
540 3707 601 3770 per
612 3687 891 3771 diligentissimos
908 3696 942 3752 et
953 3687 1228 3770 expeditissimos
1241 3688 1478 3771 exploratores

389 3810 470 3856 suos
492 3788 718 3853 commonitus
742 3789 838 3872 prius
859 3787 1053 3865 haesitabat,
1081 3807 1149 3852 non
1176 3787 1317 3852 credens
1344 3794 1476 3852 tantam

389 3892 554 3957 malitiam
571 3890 614 3953 dc
629 3888 799 3971 religiosis
815 3887 1031 3970 prorupisse3
1053 3894 1101 3964 et,
1124 3887 1204 3951 dum
1221 3887 1271 3952 sic
1290 3887 1474 3964 dubitaret,

390 3990 637 4058 veuitnuntius
657 3987 797 4053 Soldani
819 3987 864 4051 ad
887 4006 965 4052 eum
984 3986 1111 4052 dictam
1135 3995 1276 4071 portans
1297 3987 1330 4052 ei
1349 3987 1475 4070 episto-

388 4092 469 4170 lam,
509 4110 570 4174 per
603 4106 707 4173 quam
747 4086 881 4171 plenius
922 4085 965 4151 de
999 4086 1173 4169 predictis
1207 4085 1474 4169 significabatur.

389 4191 554 4258 Gaudens
574 4189 680 4271 igitur
701 4186 793 4270 quod
814 4186 956 4270 laqueos
978 4185 1198 4251 absconditos
1212 4186 1392 4263 evasisset,
1408 4206 1474 4251 om·

387 4293 444 4357 nia
472 4299 572 4355 caute
593 4287 832 4352 dissimulabat
861 4285 1039 4370 usquead
1065 4293 1199 4368 tempus
1228 4285 1472 4362 retributionis,

387 4400 521 4474 atquae
548 4389 592 4453 ad
613 4387 760 4452 reditum
785 4387 822 4451 in
847 4392 971 4450 terram
1000 4404 1100 4450 suam
1125 4383 1261 4450 fuerant
1282 4385 1473 4450 necessaria
1504 4389 1507 4392 “

386 4489 607 4574 praeparavit.
659 4485 705 4551 Et
719 4486 784 4550 hoc
804 4486 872 4550 luit
887 4485 1106 4550 seminarium
1126 4484 1197 4549 odii
1220 4485 1310 4549 inter
1331 4485 1473 4569 impera-

387 4601 493 4655 torem
511 4598 547 4653 ct
561 4586 776 4670 Templarios
791 4603 831 4649 ac
847 4583 1123 4668 Hospitalarios3
1146 4590 1370 4649 veruntamen
1385 4583 1470 4648 Hos
