3334 5734
372 834 417 900 36
741 851 940 900 nnonrouns
963 850 1096 900 varin.

373 976 430 1112 ἓξ,
466 974 520 1113 444,
535 1036 604 1101 red.
618 1036 723 1100 nuso
771 1059 816 1104 ex
833 1038 957 1123 quibus
973 1057 1072 1102 unns.

528 1138 663 1223 fueruat

376 1263 430 1339 83,
491 1263 521 1339 3,
536 1261 571 1325 io
597 1268 683 1325 arcto
772 1265 808 1329 in
823 1283 992 1329 carcerem
1010 1263 1239 1329 detrudentes.

532 1368 676 1446 ponentes

377 1531 427 1540 -
493 1490 523 1564 5,
538 1485 609 1550 illos
774 1484 942 1548 obsessos.

377 1654 428 1664 --
493 1611 524 1688 6,
538 1610 573 1673 io
594 1609 728 1674 martiae
774 1614 908 1673 statuto
923 1608 989 1672 die.

378 1778 429 1788 -
473 1736 525 1812 ll,
540 1732 634 1797 multo
650 1781 658 1797 .
774 1730 928 1794 maximo
955 1731 991 1794 in
1017 1749 1077 1794 eas
1103 1728 1271 1794 irruerent
1295 1728 1470 1811 legiones3

544 1854 612 1899 eam
626 1854 688 1898 eece
797 1830 922 1913 quibus
936 1830 1190 1908 invadentibus,
1211 1830 1405 1913 nostrisque
1418 1829 1473 1893 vi·

796 1930 906 1994 riliter
943 1929 1190 2007 resistentibus,
1225 1936 1369 1994 conatus
1403 1928 1472 1992 ini·

797 2031 964 2094 micorum
979 2029 1181 2094 mirabiliter
1196 2028 1364 2094 confracti
1376 2036 1472 2104 sunt,

798 2137 838 2194 ut
869 2129 1007 2194 aciebus
1038 2128 1226 2205 dissolutis,
1256 2128 1331 2212 jam
1364 2147 1402 2191 se
1435 2127 1473 2190 in

797 2229 902 2314 pedes
919 2229 1087 2314 conjicere
1102 2236 1314 2312 cogerentur.
1358 2226 1437 2292 Sed.

378 2389 429 2401 —
472 2349 524 2423 22,
540 2369 587 2412 eor
777 2352 938 2437 reliquos.

380 2513 429 2524 —
472 2473 525 2549 32,
540 2473 633 2536 sie...
646 2473 729 2536 omni
777 2477 833 2541 Ex
851 2477 944 2542 omni
956 2476 1085 2559 itaque.

379 2635 429 2647 —
473 2597 525 2673 33,
541 2594 660 2660 oollam
671 2605 713 2661 est
776 2600 890 2666 cinctu
905 2607 959 2666 est
972 2600 1138 2665 militibus
1152 2601 1311 2666 strenuis.

379 2755 430 2765 —
473 2720 527 2796 34,
542 2719 690 2784 militiam
703 2768 726 2786 ..
775 2724 902 2789 milites
919 2724 1163 2807 preclariores.

537 2819 728 2904 pruolarom

379 2984 429 2997 κ-
474 2941 527 3023 37,
537 2953 565 3009 et
578 2945 729 3010 malinis
775 2965 820 3010 ex
834 2945 878 3009 iis
894 2944 988 3009 mille
1010 2943 1127 3027 capita
1146 2943 1312 3009 machinis
1331 2944 1475 3008 immen-

539 3067 684 3110 rmmaasa
796 3065 856 3110 sus.

379 3209 429 3222 --
472 3206 516 3217 -
532 3169 727 3235 84334...άὶ-
775 3170 942 3254 quosdam
970 3177 1084 3233 autem
1107 3168 1320 3252 captivorum
1341 3166 1385 3232 ad
1410 3167 1475 3233 im·

542 3270 668 3354 Quales
796 3277 988 3353 peratorem
1003 3269 1178 3335 miserunt.

381 3392 436 3466 84,
496 3386 526 3467 7,
541 3391 719 3476 memner-
776 3395 1028 3477 impugnarent.

543 3498 607 3554 aaut

381 3652 431 3664 -
475 3609 730 3695 25‚desensioaem
777 3612 1005 3679 defensionem
1022 3613 1165 3678 civibus.

381 3739 434 3814 85,
495 3739 526 3812 4,
542 3735 692 3800 victualia
778 3745 1014 3803 commeatum.

381 3903 431 3914 -
498 3857 528 3939 7,
543 3870 722 3948 aroannam
778 3862 902 3926 medie.

383 4029 433 4039 -
496 3989 528 4063 9,
543 3996 573 4052 et
777 3995 867 4071 post.

383 4154 433 4164 —
496 4120 731 4177 -oaslentoates
780 4111 1009 4196 adimplerunt
1025 4120 1060 4176 et
1075 4132 1161 4176 oum.

383 4274 434 4283 —
476 4241 528 4319 20,
543 4239 579 4302 io
593 4238 732 4323 despero»
779 4236 1015 4320 desperatione
1029 4242 1204 4319 concepto.

525 4338 635 4403 tionem
645 4358 732 4401 verso

385 4505 434 4515 -
478 4463 530 4538 24,
539 4459 732 4546 septimus
779 4463 883 4539 captu
897 4475 1032 4539 quoque
1047 4475 1136 4521 oum.

385 4629 434 4638 -
478 4586 530 4661 26,
546 4593 722 4650 summme
780 4581 896 4646 aaut.
