3334 5734
376 735 421 803 86
746 751 947 805 nucrrusus
970 753 1101 805 vsnrn.

379 935 454 1001 sine
481 934 709 1018 corruptione,
736 934 844 1018 juxta
868 936 1009 1005 uerbum
1036 933 1163 1017 angeli,
1188 934 1292 999 immo
1318 933 1387 999 Dei
1412 954 1472 1016 per

378 1034 553 1117 angelum,
564 1041 603 1101 ut
613 1035 726 1117 plena,
738 1053 809 1105 nen
818 1035 1018 1118 semiplena,
1032 1054 1107 1099 esse
1120 1033 1243 1116 prante
1255 1034 1470 1116 probaretur,

381 1142 416 1203 et
429 1133 525 1200 Deus
540 1133 649 1201 Filius
665 1134 753 1219 ejus,
773 1135 954 1218 antiquum
974 1132 1066 1217 qnod
1087 1133 1218 1217 pridem
1239 1132 1360 1199 decuit
1375 1152 1471 1199 mnn-

380 1233 512 1311 datnm,
535 1233 681 1303 fideliter
704 1232 917 1317 adimpleret,
937 1233 1095 1303 videlieet
1116 1240 1248 1317 patrem
1268 1240 1306 1297 et
1327 1242 1472 1301 matrem

382 1333 509 1402 bonore
529 1334 737 1416 praevenire3
768 1340 804 1399 et
824 1352 867 1399 ne
886 1352 966 1403 carc
987 1331 1116 1401 Christi
1138 1331 1304 1415 virginea
1327 1351 1409 1415 qne
1429 1332 1472 1397 de

380 1450 485 1501 cerne
499 1432 618 1501 matris
633 1431 778 1515 virginis
791 1441 970 1516 assumpta
983 1432 1107 1510 tuerat,
1123 1451 1147 1499 u
1162 1438 1237 1499 totu
1249 1431 1471 1514 discreparet

382 1530 416 1601 A
441 1532 614 1615 predictis
635 1532 742 1616 igitur
759 1529 965 1601 Christianae
983 1531 1062 1598 fidei
1083 1531 1276 1599 venerabile
1297 1532 1413 1614 snrgit
1433 1532 1470 1595 in

383 1631 475 1701 celsa
501 1631 650 1699 culmina
673 1631 951 1712 fundamentum
980 1632 1054 1698 heo
1080 1638 1135 1701 est
1155 1630 1334 1697 mtbolioae
1359 1630 1472 1713 religi·

383 1732 460 1801 onis
472 1731 579 1810 scala,
597 1751 659 1816 per
674 1750 777 1815 quum
798 1731 927 1797 bomini
948 1731 1051 1801 datur
1074 1730 1257 1799 ascendere
1272 1730 1319 1799 ad
1334 1737 1473 1799 eume

383 1831 530 1914 patriam
550 1831 728 1899 claritatis.
778 1830 815 1896 Si
832 1851 914 1914 ergo
938 1830 1045 1897 babes
1068 1832 1105 1897 in
1125 1830 1294 1899 desiderio
1319 1829 1365 1896 de
1380 1836 1473 1897 tene·

384 1930 455 1997 bris
481 1929 617 2012 prodire
640 1931 677 1995 in
701 1930 812 1997 lucem
833 1938 870 1996 et
894 1930 1054 2014 amplecti
1078 1929 1336 1999 saluberrimam
1362 1929 1472 2012 legem

386 2029 526 2107 Christi,
537 2029 664 2095 relictis
675 2029 885 2097 Macbometi
900 2031 1086 2114 spurcitiis,
1096 2030 1140 2097 ad
1156 2029 1307 2097 senene
1323 2048 1471 2113 quoqne,

385 2149 464 2212 qnae
489 2130 601 2194 sinum
628 2129 748 2212 pandit
778 2130 948 2208 omnibns,
969 2130 1094 2212 refugii
1117 2130 1250 2215 asylum
1275 2127 1471 2211 confugere,

385 2239 455 2294 tuae
476 2228 745 2297 conversationis
771 2230 940 2312 primitias
959 2248 1097 2297 necesse
1120 2238 1175 2297 est
1198 2228 1397 2311 baptismali
1422 2228 1472 2293 la·

385 2346 489 2394 vacre
504 2347 725 2409 consecrar03
747 2337 930 2413 quatenns,
949 2329 1107 2413 deposita
1120 2328 1157 2395 in
1173 2329 1273 2412 nqnis
1292 2347 1473 2410 regenera-

387 2427 490 2495 tionis
515 2434 689 2494 vetustate
718 2429 862 2511 peccati,
886 2430 923 2496 in
948 2448 1071 2495 novam
1097 2429 1221 2497 anime
1243 2427 1471 2493 innocentium

386 2534 422 2595 et
446 2527 527 2593 vitae
551 2527 731 2593 infantiam
761 2529 963 2606 renasunris,
993 2536 1033 2594 ut
1059 2527 1152 2595 illius
1179 2527 1299 2610 glorie
1328 2526 1473 2593 caelestis

386 2626 557 2710 particeps
577 2626 744 2705 efficiaris,
769 2646 873 2711 quam
894 2629 987 2695 auris
1008 2648 1077 2693 nun
1098 2626 1243 2705 audivit,
1265 2646 1329 2692 nec
1354 2626 1473 2693 oculus

387 2725 486 2804 vidit,
509 2745 572 2792 nec
591 2727 628 2790 in
642 2745 702 2791 cor
715 2726 862 2793 bominis
889 2726 1064 2808 escendit3
1086 2734 1158 2793 tam
1183 2727 1323 2810 eopiosa
1344 2732 1386 2792 nt
1407 2745 1474 2791 nnn

389 2826 499 2909 pessit
511 2826 692 2904 annullari,
708 2845 835 2909 magna
848 2834 966 2894 utnon
982 2826 1092 2911 pessit
1103 2824 1475 2910 comprehendi,multe

387 2933 512 2992 utnon
534 2926 646 3010 possit
659 2926 842 3004 numerari,
856 2927 1007 3010 pretiose
1025 2935 1066 2994 ut
1087 2945 1156 2992 non
1178 2927 1289 3010 possit
1301 2924 1475 3002 aesbmnri,

388 3025 552 3093 diuturna
566 3034 688 3093 utnon
706 3026 816 3109 pessit
832 3027 1027 3107 terminari3
1053 3044 1156 3108 qnam
1171 3026 1366 3109 repromisit
1380 3024 1475 3089 Dens

388 3124 608 3209 diligentibus
627 3146 676 3203 se,
698 3133 733 3190 et
754 3145 819 3193 sua
839 3128 1060 3210 sequentibus
1079 3126 1227 3208 vestigia
1246 3123 1475 3209 pedetentim!

391 3224 561 3291 Seldanus
585 3226 691 3308 igitur
711 3224 776 3291 hiis
797 3224 999 3293 informatus
1022 3224 1215 3295 salubribus
1237 3224 1475 3290 admonitioni·

391 3325 456 3388 bns
480 3325 641 3407 baptismi
662 3327 813 3408 suscepit
836 3325 993 3393 clancule
1014 3334 1286 3405 sacramentnm
1312 3326 1474 3408 primates

392 3423 554 3501 enimsui,
565 3424 646 3506 qnia
655 3423 776 3490 Remae
788 3433 843 3492 tot
853 3426 1043 3493 scaturiunt
1059 3425 1291 3502 enormitates,
1306 3424 1474 3500 dicebant,

392 3519 598 3599 ‘Quomodo
623 3542 668 3587 ex
697 3542 765 3588 nne
794 3524 890 3592 fonte
920 3543 1013 3610 aqua
1041 3524 1150 3590 drrlcis
1175 3532 1212 3590 et
1235 3523 1330 3590 salsa
1352 3522 1475 3607 poterit

393 3624 578 3686 emanaret
623 3621 692 3687 Ubi
715 3622 903 3691 Christiani
919 3625 1046 3693 iontem
1059 3625 1205 3710 justitia>
1227 3624 1364 3690 haurire
1387 3631 1476 3689 tene·

395 3727 523 3799 rentur,
541 3722 719 3789 inveniunt
732 3723 869 3789 laticem
886 3725 1098 3791 toxicatum!

635 3896 706 3976 ena
719 3895 770 3961 dia
784 3897 905 3962 Martis
923 3897 1040 3963 nme
1053 3897 1242 3964 swiderarrt

445 4018 608 4088 Nescitnr
637 4020 808 4103 quomode
833 4041 946 4089 rernm
977 4022 1146 4105 presagio
1169 4022 1225 4087 vel
1251 4029 1376 4089 eventu
1400 4042 1478 4087 con·

394 4118 521 4201 tigerit,
547 4120 639 4203 quud
666 4120 775 4188 multe
799 4121 901 4187 bento
925 4121 1067 4189 Tbemm
1091 4122 1146 4189 die
1165 4121 1291 4189 Martis
1314 4120 1479 4186 mirabilia

395 4220 624 4301 contigerunt.
691 4219 757 4286 Die
792 4222 883 4289 enim
916 4221 1055 4300 Martis,
1087 4222 1218 4289 seilicet
1248 4220 1304 4287 die
1339 4220 1478 4288 'l'burnae

394 4318 554 4402 apostoli,
577 4326 680 4389 natus
703 4321 848 4398 exstitit,
869 4332 1008 4405 propter
1034 4321 1126 4405 quud
1155 4320 1306 4387 Thumns
1330 4341 1376 4385 ex
1400 4327 1480 4386 voto
1542 4362 1545 4366 -

395 4418 515 4483 matris
552 4420 588 4483 in
619 4420 788 4503 baptismo
820 4421 1068 4504 appellabatur.
1123 4422 1217 4487 Bene
1250 4422 1286 4485 in
1321 4420 1479 4485 mundum

395 4516 538 4585 intravit
564 4518 618 4586 die
653 4519 779 4586 Martis
805 4529 970 4604 tanquam
1000 4529 1119 4592 centra
1146 4521 1319 4589 diabolum
1349 4520 1478 4604 praelia·
