3334 5734
371 758 416 823 ω
740 758 938 813 nuorrosns
960 755 1093 808 vnurs.

385 897 442 937 rto.
464 895 515 933 ult.

377 964 450 1035 155,
466 959 520 1033 32,
539 953 625 1019 hrot
643 999 651 1014 .
668 997 675 1012 .
693 996 722 1012 ..
769 947 895 1012 fluvius
913 951 966 1010 est
981 944 1100 1025 inquo
1116 939 1234 1007 Jesus.

531 1051 663 1138 flumine

379 1181 452 1258 156,
489 1182 522 1255 8,
537 1172 618 1242 mido
770 1166 904 1233 ibidem.

378 1349 429 1361 ..
472 1304 524 1382 16,
538 1298 675 1382 Helpscc
699 1303 727 1360 ot
774 1291 888 1358 There
920 1286 1054 1353 follows
1081 1285 1117 1349 iu
1148 1283 1208 1348 tbe
1242 1280 1360 1364 Royol
1390 1278 1470 1344 MS.

542 1398 649 1466 Aldu
796 1389 904 1456 ‘Haec
918 1395 1032 1452 cutem
1043 1405 1088 1451 ex
1103 1384 1191 1449 libro
1203 1380 1409 1448 venerabilis
1424 1381 1473 1443 ri·

796 1491 827 1556 ri
839 1486 1017 1562 Willelmi,
1033 1483 1199 1569 Tyreusis
1212 1479 1473 1563 archiepiscopi,

798 1588 972 1670 exscripto
989 1585 1031 1649 de
1048 1581 1265 1667 captionibus
1276 1577 1474 1644 Antiocbiae

797 1696 833 1755 et
851 1685 1057 1762 Jerusalem,
1080 1683 1139 1748 ubi
1155 1681 1229 1745 dux
1255 1678 1474 1745 Nor-menno-

798 1808 874 1853 rum
889 1785 1063 1850 Robertus
1077 1801 1156 1846 cum
1171 1780 1245 1845 suis
1261 1778 1475 1845 Normunnis

799 1899 836 1953 et
860 1884 986 1968 Anglis
1018 1884 1132 1949 locum
1160 1879 1273 1947 tenuit
1303 1878 1475 1961 potiorem

799 1995 836 2054 ot
856 1987 931 2050 sine
954 1983 1080 2068 quibus
1100 1979 1185 2045 nihil
1210 1978 1376 2042 memorie
1401 1975 1475 2058 dig-

800 2106 883 2151 num
899 2090 1038 2169 pactum
1054 2088 1119 2158 est,
1131 2077 1314 2144 sufficiunt.
1344 2076 1383 2140 Si
1397 2077 1476 2159 quis

800 2182 975 2253 residuum
996 2181 1075 2245 libri
1099 2179 1189 2243 elius
1212 2195 1345 2241 necnon
1363 2183 1401 2239 et
1424 2174 1477 2241 ul·

802 2285 909 2350 terius
925 2282 1004 2348 libri
1015 2281 1132 2363 inquo
1149 2275 1319 2342 mirabilia
1334 2274 1477 2339 orientis

803 2392 839 2449 et
853 2384 913 2449 lex
934 2378 1145 2446 Macbometi
1165 2372 1476 2460 pseudoprophete

803 2483 1032 2558 continentur,
1051 2498 1153 2562 quem
1169 2475 1260 2542 idem
1279 2473 1476 2540 willelmus

804 2582 847 2647 de
870 2579 1030 2646 Arabicis
1054 2576 1201 2641 fideliter
1223 2593 1265 2639 ec
1284 2572 1478 2638 luculenter

804 2678 1058 2763 exemplaribus
1079 2674 1258 2741 transtulit
1282 2680 1319 2739 et
1341 2672 1481 2755 scripsit

804 2782 840 2845 in
865 2778 1011 2855 Latinis,
1036 2776 1203 2859 inspicere
1224 2773 1284 2857 qui
1306 2771 1481 2838 desiderat

804 2878 896 2962 apud
919 2877 953 2942 S.
973 2875 1146 2941 Albanum
1169 2872 1309 2939 sedulus
1327 2870 1481 2939 inveniet

804 2974 1024 3063 explorator?
1064 2973 1163 3039 Tben
1190 2992 1237 3038 on
1261 2969 1320 3035 the
1345 2971 1481 3052 margin

804 3080 852 3161 by
874 3076 933 3142 the
954 3094 1049 3139 seme
1071 3072 1176 3149 hond,
1200 3069 1333 3135 ‘Hunc
1354 3069 1479 3134 librum

806 3176 887 3241 tulit
923 3175 1027 3259 episc.
1053 3172 1209 3238 Winton.
1244 3169 1285 3233 P.
1313 3168 1357 3233 de
1387 3176 1481 3232 terra

806 3282 939 3352 sancte,
965 3291 1066 3356 quem
1088 3272 1149 3335 vix
1173 3269 1235 3353 qui
1258 3269 1334 3333 baec
1359 3266 1482 3351 scripsi

806 3376 851 3439 ub
866 3374 984 3439 eodem
1000 3370 1205 3455 impetravi?

393 3547 444 3559 -
486 3503 539 3580 26,
553 3502 687 3567 dicerem
784 3497 966 3562 dixissent.

397 3626 471 3704 157,
488 3625 740 3709 24‚Noocsores-
786 3620 925 3688 Novum
941 3621 1115 3686 forestum.

556 3734 590 3791 la

397 3854 470 3926 158,
490 3853 542 3927 ss,
559 3858 587 3914 o
604 3804 741 3934 cysson
784 3846 902 3912 moer.

561 3957 607 4014 ror

397 4118 447 4129 -
490 4076 543 4152 32,
559 4071 720 4139 mmmm
789 4070 881 4135 addit
896 4068 1018 4146 Paris,
1035 4068 1124 4133 Item
1137 4067 1319 4133 videbatur
1336 4068 1409 4150 regi
1425 4086 1485 4153 per

812 4169 981 4234 somnium
997 4175 1097 4233 nocte
1116 4168 1276 4250 proxime
1295 4167 1484 4234 antediem

812 4268 932 4332 mortis
957 4287 1040 4345 suae,
1070 4267 1163 4351 qnod
1192 4266 1280 4331 vidit
1301 4286 1408 4331 unum
1435 4264 1486 4329 in·

815 4366 944 4432 sentem
968 4367 1233 4451 pulcherrimum
1252 4386 1356 4452 super
1377 4366 1487 4430 mure
1526 4355 1529 4359 ’

814 4466 998 4549 quoddam,
1032 4475 1068 4531 et
1099 4467 1240 4550 cupiens
1273 4475 1309 4532 ct
1333 4466 1487 4531 esuriens
