3334 5734
382 792 448 859 wo
749 803 948 855 nncrronas
972 804 1106 854 raam.

394 933 451 970 PAO.
473 933 525 971 ul.

384 997 458 1073 362,
474 997 526 1071 24,
544 991 688 1059 tribueret
776 999 967 1075 generaret

381 1160 433 1173 -
476 1121 527 1195 25,
542 1117 688 1182 dormivit
776 1115 975 1180 dormiendo
990 1114 1181 1199 pigritavit.

384 1241 575 1319 353,16,στ
588 1239 696 1305 molos-
776 1239 983 1317 molendina,
999 1239 1161 1322 pomeria

545 1340 624 1404 dian

382 1504 432 1517 ..
476 1462 730 1550 uapraelm
775 1455 1119 1542 eddilParis.,utqui
1133 1457 1384 1541 nonpessimus
1393 1456 1469 1536 suit,
1642 1452 1643 1459 '

798 1557 910 1622 bonus
918 1557 1471 1642 ridebatur,etquinonquanturn

798 1657 912 1740 potuit
927 1676 1049 1722 nocere
1072 1676 1141 1722 non
1163 1656 1292 1734 nocuit,
1309 1656 1471 1740 prodesse

799 1755 989 1822 videbatur.
1034 1756 1167 1822 Deinde
1184 1777 1245 1822 rex
1261 1756 1315 1820 ira
1330 1775 1471 1821 mecen-

798 1874 858 1920 sas
880 1856 1072 1922 vehementi
1093 1856 1185 1940 apud
1206 1862 1323 1940 partes
1347 1856 1471 1921 Suotioe

798 1955 960 2021 tendebat
983 1957 1197 2035 cismarinas,
1220 1964 1255 2021 et
1269 1956 1383 2038 captis
1401 1974 1471 2020 eas

798 2056 861 2119 tris
883 2055 926 2120 de
942 2056 1095 2121 Berewie
1115 2065 1150 2121 et
1166 2057 1255 2133 aliis,
1279 2073 1360 2138 qaae
1377 2055 1469 2120 ride·

797 2154 922 2219 bantur
945 2155 1237 2238 inexpugnabilia,
1260 2155 1469 2238 impropera·

797 2254 849 2317 vit
875 2255 948 2337 regi
974 2254 1188 2332 Alexandro,
1218 2263 1254 2319 et
1283 2255 1367 2336 quia
1396 2263 1466 2319 erat

796 2352 893 2417 rufus
917 2354 1124 2436 significavit
1153 2355 1197 2431 ei,
1222 2355 1354 2431 dicens,
1377 2354 1465 2431 ‘Sia

796 2453 847 2516 sic
870 2452 1066 2535 fugabimus
1090 2454 1229 2519 rubeam
1251 2453 1465 2536 vulpeculam

795 2550 948 2617 latibulis
964 2554 1059 2618 suis!
1110 2553 1258 2618 Multam
1283 2551 1391 2634 igitur
1409 2553 1466 2616 ibi-

795 2650 872 2715 dem
890 2660 1041 2735 stragem
1060 2661 1096 2719 et
1112 2651 1351 2718 exterminium
1369 2671 1463 2717 exer·

795 2752 933 2831 suisset,
983 2753 1049 2818 nisi
1096 2752 1240 2817 eundem
1282 2752 1464 2816 nenessitas

795 2868 923 2933 magna
946 2852 1143 2919 dilationem
1166 2871 1234 2917 non
1253 2851 1394 2935 capiens
1412 2870 1461 2915 re·

795 2960 965 3016 vocasset.

381 3116 431 3129 —
475 3079 527 3154 31,
542 3075 708 3143 almaro
773 3073 954 3141 subvertit.

379 3239 431 3253 —
473 3202 526 3278 33,
543 3201 657 3288 redepit
775 3198 897 3263 tenuit.

381 3323 457 3398 354,
494 3325 525 3401 3,
541 3325 596 3388 aab
612 3325 670 3391 leo
773 3319 891 3387 douai.

382 3660 457 3741 357,
494 3590 527 3743 4:
538 3667 703 3734 stutevilla
774 3669 972 3736 Staneville.

379 3825 431 3840 -
474 3788 691 3876 lapmian
775 3800 942 3876 potestas.
992 3792 1067 3858 ‘Ut
1087 3794 1168 3877 quid
1192 3793 1237 3858 ad
1259 3813 1324 3859 nos
1348 3813 1385 3858 se
1407 3815 1461 3859 ex·

542 3890 647 3978 itaquo
797 3892 906 3956 tendit
927 3891 1160 3958 Romanorum
1185 3892 1349 3959 insatiata
1373 3895 1462 3978 eupi-

797 3990 911 4055 ditasl
964 3989 1055 4071 Quid
1072 3993 1241 4078 episcopis
1257 3993 1461 4077 apostolicis,

796 4097 832 4154 et
858 4090 989 4156 militiae
1012 4094 1167 4157 nostrai
1219 4092 1310 4158 Ecce
1336 4112 1460 4158 succes

796 4209 891 4254 seres
924 4188 1155 4268 Constantini,
1184 4200 1220 4256 et
1250 4212 1320 4257 non
1348 4192 1458 4270 Petri;

795 4308 865 4353 non
893 4289 1071 4355 imitantur
1100 4289 1241 4355 Petrum
1274 4291 1310 4356 in
1340 4292 1473 4377 merim

795 4388 851 4452 vel
872 4390 1044 4472 operibus,
1069 4409 1132 4455 nec
1151 4390 1364 4456 assimilandi
1386 4398 1461 4455 sunt

793 4488 827 4551 in
842 4494 1036 4572 potestate3
1058 4489 1177 4574 justus
1193 4491 1284 4554 enim
1300 4500 1355 4556 est
1371 4491 1460 4555 Deus

793 4587 828 4650 in
888 4589 1085 4654 meritorum
1141 4591 1460 4674 reeompensatione.
