<?xml version="1.0" encoding="UTF-8"?>
<!DOCTYPE html PUBLIC "-//W3C//DTD XHTML 1.0 Transitional//EN"
    "http://www.w3.org/TR/xhtml1/DTD/xhtml1-transitional.dtd">
<html xmlns="http://www.w3.org/1999/xhtml" xml:lang="en" lang="en">
 <head>
  <title>
</title>
<meta http-equiv="Content-Type" content="text/html;charset=utf-8" />
  <meta name='ocr-system' content='tesseract 3.04.00' />
  <meta name='ocr-capabilities' content='ocr_page ocr_carea ocr_par ocr_line ocrx_word'/>
</head>
<body>
  <div class='ocr_page' id='page_1' title='image "appendixadroger01parigoog_0169.png"; bbox 0 0 3334 5734; ppageno 0'>
   <div class='ocr_carea' id='block_1_1' title="bbox 557 802 914 852">
    <p class='ocr_par' dir='ltr' id='par_1_1' title="bbox 557 802 914 852">
     <span class='ocr_line' id='line_1_1' title="bbox 557 802 914 852; baseline 0 -2"><span class='ocrx_word' id='word_1_1' title='bbox 557 802 757 851; x_wconf 77' lang='lat' dir='ltr'>LBGTIONBS</span> <span class='ocrx_word' id='word_1_2' title='bbox 780 803 914 852; x_wconf 76' lang='lat' dir='ltr'>VARIAE.</span> 
     </span>
    </p>
   </div>
   <div class='ocr_carea' id='block_1_2' title="bbox 366 977 1070 1057">
    <p class='ocr_par' dir='ltr' id='par_1_2' title="bbox 366 977 1070 1057">
     <span class='ocr_line' id='line_1_2' title="bbox 366 977 1070 1057; baseline 0.003 -21"><span class='ocrx_word' id='word_1_3' title='bbox 366 977 431 1036; x_wconf 89' lang='lat' dir='ltr'><strong>Non</strong></span> <span class='ocrx_word' id='word_1_4' title='bbox 444 978 543 1057; x_wconf 83' lang='lat' dir='ltr'><strong>patuit,</strong></span> <span class='ocrx_word' id='word_1_5' title='bbox 556 996 602 1036; x_wconf 87' lang='lat' dir='ltr'><strong>res</strong></span> <span class='ocrx_word' id='word_1_6' title='bbox 615 977 710 1036; x_wconf 72' lang='lat' dir='ltr'><strong>clausa</strong></span> <span class='ocrx_word' id='word_1_7' title='bbox 722 978 795 1046; x_wconf 84' lang='lat' dir='ltr'><strong>fuit;</strong></span> <span class='ocrx_word' id='word_1_8' title='bbox 815 977 865 1035; x_wconf 87' lang='lat' dir='ltr'><strong>sed</strong></span> <span class='ocrx_word' id='word_1_9' title='bbox 878 979 941 1036; x_wconf 86' lang='lat' dir='ltr'><strong>lnce</strong></span> <span class='ocrx_word' id='word_1_10' title='bbox 955 979 1070 1038; x_wconf 76' lang='lat' dir='ltr'><strong>cedente</strong></span> 
     </span>
    </p>
   </div>
   <div class='ocr_carea' id='block_1_3' title="bbox 195 1074 1011 1221">
    <p class='ocr_par' dir='ltr' id='par_1_3' title="bbox 195 1074 1011 1221">
     <span class='ocr_line' id='line_1_3' title="bbox 363 1074 1011 1153; baseline 0 -20"><span class='ocrx_word' id='word_1_11' title='bbox 363 1074 471 1133; x_wconf 88' lang='lat' dir='ltr'><strong>Prodiit</strong></span> <span class='ocrx_word' id='word_1_12' title='bbox 483 1076 512 1133; x_wconf 88' lang='lat' dir='ltr'><strong>in</strong></span> <span class='ocrx_word' id='word_1_13' title='bbox 525 1075 626 1144; x_wconf 86' lang='lat' dir='ltr'><strong>lucem,</strong></span> <span class='ocrx_word' id='word_1_14' title='bbox 639 1093 690 1153; x_wconf 90' lang='lat' dir='ltr'><strong>pro</strong></span> <span class='ocrx_word' id='word_1_15' title='bbox 704 1094 770 1133; x_wconf 78' lang='lat' dir='ltr'><strong>cusu</strong></span> <span class='ocrx_word' id='word_1_16' title='bbox 784 1075 854 1133; x_wconf 86' lang='lat' dir='ltr'><strong>lucis</strong></span> <span class='ocrx_word' id='word_1_17' title='bbox 868 1074 1011 1153; x_wconf 79' lang='lat' dir='ltr'><strong>¹edeptte.&#39;</strong></span> 
     </span>
     <span class='ocr_line' id='line_1_4' title="bbox 195 1183 327 1221; baseline 0.008 -1"><span class='ocrx_word' id='word_1_18' title='bbox 195 1184 252 1220; x_wconf 73' lang='lat' dir='ltr'><strong>rte.</strong></span> <span class='ocrx_word' id='word_1_19' title='bbox 274 1183 327 1221; x_wconf 79' lang='lat' dir='ltr'><strong>ur.</strong></span> 
     </span>
    </p>
   </div>
   <div class='ocr_carea' id='block_1_4' title="bbox 187 1246 1035 1412">
    <p class='ocr_par' dir='ltr' id='par_1_4' title="bbox 187 1246 1035 1412">
     <span class='ocr_line' id='line_1_5' title="bbox 187 1246 1035 1412; baseline 0.002 -104"><span class='ocrx_word' id='word_1_20' title='bbox 187 1249 262 1324; x_wconf 84' lang='lat'><strong>138,</strong></span> <span class='ocrx_word' id='word_1_21' title='bbox 280 1248 333 1324; x_wconf 94' lang='grc'><strong>12,</strong></span> <span class='ocrx_word' id='word_1_22' title='bbox 350 1248 519 1412; x_wconf 52' lang='lat' dir='ltr'><strong>rppmi·</strong></span> <span class='ocrx_word' id='word_1_23' title='bbox 579 1268 659 1331; x_wconf 82' lang='lat' dir='ltr'><strong>rege</strong></span> <span class='ocrx_word' id='word_1_24' title='bbox 674 1246 850 1313; x_wconf 85' lang='lat' dir='ltr'><strong>Richardo</strong></span> <span class='ocrx_word' id='word_1_25' title='bbox 864 1248 1035 1313; x_wconf 85' lang='lat' dir='ltr'><strong>defuncto.</strong></span> 
     </span>
     <span class='ocr_line' id='line_1_6' title="bbox 348 1369 364 1410; baseline 0 0"><span class='ocrx_word' id='word_1_26' title='bbox 348 1369 364 1410; x_wconf 83' lang='lat' dir='ltr'><strong>c</strong></span> 
     </span>
    </p>
   </div>
   <div class='ocr_carea' id='block_1_5' title="bbox 188 1469 693 1635">
    <p class='ocr_par' dir='ltr' id='par_1_5' title="bbox 188 1469 693 1635">
     <span class='ocr_line' id='line_1_7' title="bbox 188 1469 693 1549; baseline 0.004 -16"><span class='ocrx_word' id='word_1_27' title='bbox 188 1472 263 1547; x_wconf 85' lang='grc'><strong>139,</strong></span> <span class='ocrx_word' id='word_1_28' title='bbox 277 1472 332 1548; x_wconf 89' lang='grc'><strong>23,</strong></span> <span class='ocrx_word' id='word_1_29' title='bbox 347 1469 514 1549; x_wconf 70' lang='lat' dir='ltr'><strong>Hebenus,</strong></span> <span class='ocrx_word' id='word_1_30' title='bbox 578 1471 693 1535; x_wconf 68' lang='lat' dir='ltr'><strong>demet.</strong></span> 
     </span>
     <span class='ocr_line' id='line_1_8' title="bbox 351 1570 520 1635; baseline 0.012 -2"><span class='ocrx_word' id='word_1_31' title='bbox 351 1570 520 1635; x_wconf 77' lang='lat' dir='ltr'><strong>Oantuori·</strong></span> 
     </span>
    </p>
   </div>
   <div class='ocr_carea' id='block_1_6' title="bbox 352 1690 433 1734">
    <p class='ocr_par' dir='ltr' id='par_1_6' title="bbox 352 1690 433 1734">
     <span class='ocr_line' id='line_1_9' title="bbox 352 1690 433 1734; baseline 0 0"><span class='ocrx_word' id='word_1_32' title='bbox 352 1690 433 1734; x_wconf 71' lang='grc'><strong>621818</strong></span> 
     </span>
    </p>
   </div>
   <div class='ocr_carea' id='block_1_7' title="bbox 181 1792 1329 4171">
    <p class='ocr_par' dir='ltr' id='par_1_7' title="bbox 181 1792 1329 4171">
     <span class='ocr_line' id='line_1_10' title="bbox 181 1792 1270 1879; baseline 0.004 -24"><span class='ocrx_word' id='word_1_33' title='bbox 181 1828 233 1839; x_wconf 96' lang='grc'><strong>-</strong></span> <span class='ocrx_word' id='word_1_34' title='bbox 277 1794 328 1870; x_wconf 76' lang='lat' dir='ltr'><strong>tt,</strong></span> <span class='ocrx_word' id='word_1_35' title='bbox 344 1793 497 1879; x_wconf 73' lang='lat' dir='ltr'><strong>archiopi-</strong></span> <span class='ocrx_word' id='word_1_36' title='bbox 577 1794 669 1860; x_wconf 74' lang='lat' dir='ltr'><strong>addit</strong></span> <span class='ocrx_word' id='word_1_37' title='bbox 686 1792 811 1871; x_wconf 78' lang='lat' dir='ltr'><strong>Puris,</strong></span> <span class='ocrx_word' id='word_1_38' title='bbox 825 1800 921 1858; x_wconf 80' lang='lat' dir='ltr'><strong>stans</strong></span> <span class='ocrx_word' id='word_1_39' title='bbox 942 1794 977 1857; x_wconf 90' lang='lat' dir='ltr'><strong>iu</strong></span> <span class='ocrx_word' id='word_1_40' title='bbox 994 1793 1104 1859; x_wconf 87' lang='lat' dir='ltr'><strong>medio</strong></span> <span class='ocrx_word' id='word_1_41' title='bbox 1121 1794 1270 1859; x_wconf 88' lang='lat' dir='ltr'><strong>omnium</strong></span> 
     </span>
     <span class='ocr_line' id='line_1_11' title="bbox 347 1891 1271 1978; baseline 0.001 -19"><span class='ocrx_word' id='word_1_42' title='bbox 347 1913 452 1978; x_wconf 79' lang='lat' dir='ltr'><strong>scopos</strong></span> <span class='ocrx_word' id='word_1_43' title='bbox 599 1895 700 1971; x_wconf 84' lang='lat' dir='ltr'><strong>dixit,</strong></span> <span class='ocrx_word' id='word_1_44' title='bbox 726 1891 877 1958; x_wconf 84' lang='lat' dir='ltr'><strong>‘Audite</strong></span> <span class='ocrx_word' id='word_1_45' title='bbox 902 1892 1062 1959; x_wconf 81' lang='lat' dir='ltr'><strong>universi.</strong></span> <span class='ocrx_word' id='word_1_46' title='bbox 1124 1892 1271 1960; x_wconf 81' lang='lat' dir='ltr'>Noverit</span> 
     </span>
     <span class='ocr_line' id='line_1_12' title="bbox 600 1992 1270 2078; baseline 0.001 -20"><span class='ocrx_word' id='word_1_47' title='bbox 600 1994 759 2060; x_wconf 90' lang='lat' dir='ltr'><strong>discretio</strong></span> <span class='ocrx_word' id='word_1_48' title='bbox 779 2000 906 2071; x_wconf 76' lang='lat' dir='ltr'><strong>vestro,</strong></span> <span class='ocrx_word' id='word_1_49' title='bbox 929 1992 1020 2077; x_wconf 90' lang='lat' dir='ltr'><strong>qnod</strong></span> <span class='ocrx_word' id='word_1_50' title='bbox 1046 1993 1160 2057; x_wconf 89' lang='lat' dir='ltr'><strong>nullus</strong></span> <span class='ocrx_word' id='word_1_51' title='bbox 1181 2014 1270 2078; x_wconf 83' lang='lat' dir='ltr'><strong>proe-</strong></span> 
     </span>
     <span class='ocr_line' id='line_1_13' title="bbox 599 2092 1270 2177; baseline -0.003 -18"><span class='ocrx_word' id='word_1_52' title='bbox 599 2096 657 2159; x_wconf 86' lang='lat' dir='ltr'><strong>via</strong></span> <span class='ocrx_word' id='word_1_53' title='bbox 671 2093 802 2158; x_wconf 82' lang='lat' dir='ltr'><strong>ratione</strong></span> <span class='ocrx_word' id='word_1_54' title='bbox 814 2093 874 2157; x_wconf 80' lang='lat' dir='ltr'><strong>alii</strong></span> <span class='ocrx_word' id='word_1_55' title='bbox 885 2092 1065 2158; x_wconf 85' lang='lat' dir='ltr'><strong>succedere</strong></span> <span class='ocrx_word' id='word_1_56' title='bbox 1080 2092 1183 2159; x_wconf 83' lang='lat' dir='ltr'><strong>habet</strong></span> <span class='ocrx_word' id='word_1_57' title='bbox 1193 2113 1270 2177; x_wconf 82' lang='lat' dir='ltr'><strong>reg·</strong></span> 
     </span>
     <span class='ocr_line' id='line_1_14' title="bbox 598 2193 1269 2276; baseline 0.003 -19"><span class='ocrx_word' id='word_1_58' title='bbox 598 2214 692 2271; x_wconf 89' lang='lat' dir='ltr'><strong>num,</strong></span> <span class='ocrx_word' id='word_1_59' title='bbox 705 2193 770 2257; x_wconf 87' lang='lat' dir='ltr'><strong>nisi</strong></span> <span class='ocrx_word' id='word_1_60' title='bbox 784 2193 1061 2258; x_wconf 81' lang='lat' dir='ltr'><strong>abuniversitate</strong></span> <span class='ocrx_word' id='word_1_61' title='bbox 1074 2193 1170 2276; x_wconf 80' lang='lat' dir='ltr'><strong>regni</strong></span> <span class='ocrx_word' id='word_1_62' title='bbox 1185 2214 1269 2259; x_wconf 84' lang='lat' dir='ltr'><strong>uua·</strong></span> 
     </span>
     <span class='ocr_line' id='line_1_15' title="bbox 599 2292 1270 2376; baseline 0.003 -19"><span class='ocrx_word' id='word_1_63' title='bbox 599 2294 746 2370; x_wconf 89' lang='lat' dir='ltr'><strong>nimiter,</strong></span> <span class='ocrx_word' id='word_1_64' title='bbox 772 2292 933 2358; x_wconf 80' lang='lat' dir='ltr'><strong>invocata</strong></span> <span class='ocrx_word' id='word_1_65' title='bbox 963 2293 1110 2376; x_wconf 83' lang='lat' dir='ltr'>Spiritus</span> <span class='ocrx_word' id='word_1_66' title='bbox 1144 2294 1270 2376; x_wconf 79' lang='lat' dir='ltr'><strong>gratia,</strong></span> 
     </span>
     <span class='ocr_line' id='line_1_16' title="bbox 599 2393 1269 2470; baseline 0.001 -13"><span class='ocrx_word' id='word_1_67' title='bbox 599 2393 739 2470; x_wconf 88' lang='lat' dir='ltr'><strong>electus,</strong></span> <span class='ocrx_word' id='word_1_68' title='bbox 748 2398 784 2456; x_wconf 91' lang='lat' dir='ltr'><strong>et</strong></span> <span class='ocrx_word' id='word_1_69' title='bbox 793 2393 979 2457; x_wconf 89' lang='lat' dir='ltr'><strong>secundum</strong></span> <span class='ocrx_word' id='word_1_70' title='bbox 991 2412 1122 2457; x_wconf 88' lang='lat' dir='ltr'><strong>morum</strong></span> <span class='ocrx_word' id='word_1_71' title='bbox 1131 2412 1269 2458; x_wconf 90' lang='lat' dir='ltr'><strong>suorum</strong></span> 
     </span>
     <span class='ocr_line' id='line_1_17' title="bbox 598 2491 1271 2575; baseline 0 -18"><span class='ocrx_word' id='word_1_72' title='bbox 598 2491 816 2557; x_wconf 83' lang='lat' dir='ltr'><strong>eminentiam</strong></span> <span class='ocrx_word' id='word_1_73' title='bbox 843 2491 1055 2575; x_wconf 75' lang='lat' dir='ltr'><strong>praeelectus,</strong></span> <span class='ocrx_word' id='word_1_74' title='bbox 1084 2492 1127 2556; x_wconf 83' lang='lat' dir='ltr'><strong>ad</strong></span> <span class='ocrx_word' id='word_1_75' title='bbox 1154 2513 1271 2558; x_wconf 85' lang='lat' dir='ltr'><strong>exem-</strong></span> 
     </span>
     <span class='ocr_line' id='line_1_18' title="bbox 599 2591 1268 2675; baseline 0.004 -20"><span class='ocrx_word' id='word_1_76' title='bbox 599 2592 693 2675; x_wconf 90' lang='lat' dir='ltr'><strong>plum</strong></span> <span class='ocrx_word' id='word_1_77' title='bbox 716 2599 751 2657; x_wconf 92' lang='lat' dir='ltr'><strong>et</strong></span> <span class='ocrx_word' id='word_1_78' title='bbox 774 2591 1028 2656; x_wconf 88' lang='lat' dir='ltr'><strong>similitudinem</strong></span> <span class='ocrx_word' id='word_1_79' title='bbox 1052 2591 1136 2656; x_wconf 86' lang='lat' dir='ltr'><strong>Saul</strong></span> <span class='ocrx_word' id='word_1_80' title='bbox 1167 2594 1268 2675; x_wconf 86' lang='lat' dir='ltr'><strong>primi</strong></span> 
     </span>
     <span class='ocr_line' id='line_1_19' title="bbox 600 2690 1269 2775; baseline 0.001 -19"><span class='ocrx_word' id='word_1_81' title='bbox 600 2693 690 2775; x_wconf 85' lang='lat' dir='ltr'><strong>regis</strong></span> <span class='ocrx_word' id='word_1_82' title='bbox 708 2690 850 2766; x_wconf 88' lang='lat' dir='ltr'><strong>inuncti,</strong></span> <span class='ocrx_word' id='word_1_83' title='bbox 872 2711 972 2774; x_wconf 91' lang='lat' dir='ltr'><strong>quem</strong></span> <span class='ocrx_word' id='word_1_84' title='bbox 993 2692 1180 2775; x_wconf 68' lang='lat' dir='ltr'><strong>praeposuit</strong></span> <span class='ocrx_word' id='word_1_85' title='bbox 1195 2692 1269 2757; x_wconf 89' lang='lat' dir='ltr'><strong>Do-</strong></span> 
     </span>
     <span class='ocr_line' id='line_1_20' title="bbox 599 2790 1266 2875; baseline 0 -20"><span class='ocrx_word' id='word_1_86' title='bbox 599 2793 710 2856; x_wconf 90' lang='lat' dir='ltr'><strong>minus</strong></span> <span class='ocrx_word' id='word_1_87' title='bbox 725 2790 852 2875; x_wconf 88' lang='lat' dir='ltr'><strong>popolo</strong></span> <span class='ocrx_word' id='word_1_88' title='bbox 869 2810 944 2867; x_wconf 89' lang='lat' dir='ltr'><strong>suo,</strong></span> <span class='ocrx_word' id='word_1_89' title='bbox 963 2809 1030 2854; x_wconf 90' lang='lat' dir='ltr'><strong>non</strong></span> <span class='ocrx_word' id='word_1_90' title='bbox 1047 2792 1137 2872; x_wconf 79' lang='lat' dir='ltr'><strong>regis</strong></span> <span class='ocrx_word' id='word_1_91' title='bbox 1150 2791 1266 2872; x_wconf 86' lang='lat' dir='ltr'><strong>filium,</strong></span> 
     </span>
     <span class='ocr_line' id='line_1_21' title="bbox 598 2889 1265 2973; baseline 0 -18"><span class='ocrx_word' id='word_1_92' title='bbox 598 2910 662 2956; x_wconf 92' lang='lat' dir='ltr'><strong>nec</strong></span> <span class='ocrx_word' id='word_1_93' title='bbox 692 2891 734 2955; x_wconf 88' lang='lat' dir='ltr'><strong>de</strong></span> <span class='ocrx_word' id='word_1_94' title='bbox 762 2889 870 2971; x_wconf 79' lang='lat' dir='ltr'><strong>reguli</strong></span> <span class='ocrx_word' id='word_1_95' title='bbox 899 2891 1006 2973; x_wconf 78' lang='lat' dir='ltr'><strong>stirpe</strong></span> <span class='ocrx_word' id='word_1_96' title='bbox 1038 2899 1265 2972; x_wconf 81' lang='lat' dir='ltr'><strong>procreatum.</strong></span> 
     </span>
     <span class='ocr_line' id='line_1_22' title="bbox 598 2988 1267 3071; baseline 0 -16"><span class='ocrx_word' id='word_1_97' title='bbox 598 2989 760 3055; x_wconf 90' lang='lat' dir='ltr'><strong>Similiter</strong></span> <span class='ocrx_word' id='word_1_98' title='bbox 787 2997 867 3071; x_wconf 87' lang='lat' dir='ltr'><strong>post</strong></span> <span class='ocrx_word' id='word_1_99' title='bbox 896 3007 972 3053; x_wconf 91' lang='lat' dir='ltr'><strong>eum</strong></span> <span class='ocrx_word' id='word_1_100' title='bbox 1001 2988 1128 3066; x_wconf 82' lang='lat' dir='ltr'><strong>David,</strong></span> <span class='ocrx_word' id='word_1_101' title='bbox 1156 2988 1267 3055; x_wconf 82' lang='lat' dir='ltr'><strong>Jessue</strong></span> 
     </span>
     <span class='ocr_line' id='line_1_23' title="bbox 597 3088 1268 3173; baseline 0 -19"><span class='ocrx_word' id='word_1_102' title='bbox 597 3089 726 3168; x_wconf 83' lang='lat' dir='ltr'><strong>tilium3</strong></span> <span class='ocrx_word' id='word_1_103' title='bbox 753 3088 854 3166; x_wconf 89' lang='lat' dir='ltr'><strong>hunc,</strong></span> <span class='ocrx_word' id='word_1_104' title='bbox 869 3089 951 3171; x_wconf 86' lang='lat' dir='ltr'><strong>quia</strong></span> <span class='ocrx_word' id='word_1_105' title='bbox 966 3095 1140 3152; x_wconf 89' lang='lat' dir='ltr'><strong>strenuum</strong></span> <span class='ocrx_word' id='word_1_106' title='bbox 1156 3097 1191 3153; x_wconf 92' lang='lat' dir='ltr'><strong>et</strong></span> <span class='ocrx_word' id='word_1_107' title='bbox 1207 3109 1268 3173; x_wconf 84' lang='lat' dir='ltr'><strong>ap·</strong></span> 
     </span>
     <span class='ocr_line' id='line_1_24' title="bbox 597 3187 1267 3272; baseline 0.001 -19"><span class='ocrx_word' id='word_1_108' title='bbox 597 3198 669 3253; x_wconf 92' lang='lat' dir='ltr'><strong>tum</strong></span> <span class='ocrx_word' id='word_1_109' title='bbox 699 3188 860 3272; x_wconf 80' lang='lat' dir='ltr'><strong>dignitati</strong></span> <span class='ocrx_word' id='word_1_110' title='bbox 891 3188 1014 3269; x_wconf 79' lang='lat' dir='ltr'><strong>regiae3</strong></span> <span class='ocrx_word' id='word_1_111' title='bbox 1047 3187 1156 3264; x_wconf 88' lang='lat' dir='ltr'><strong>illum,</strong></span> <span class='ocrx_word' id='word_1_112' title='bbox 1185 3191 1267 3272; x_wconf 81' lang='lat' dir='ltr'><strong>quia</strong></span> 
     </span>
     <span class='ocr_line' id='line_1_25' title="bbox 597 3286 1268 3373; baseline 0 -20"><span class='ocrx_word' id='word_1_113' title='bbox 597 3297 752 3354; x_wconf 81' lang='lat' dir='ltr'><strong>sanctum</strong></span> <span class='ocrx_word' id='word_1_114' title='bbox 778 3295 813 3353; x_wconf 93' lang='lat' dir='ltr'><strong>et</strong></span> <span class='ocrx_word' id='word_1_115' title='bbox 831 3287 1001 3353; x_wconf 80' lang='lat' dir='ltr'><strong>humilem.</strong></span> <span class='ocrx_word' id='word_1_116' title='bbox 1053 3286 1104 3352; x_wconf 91' lang='lat' dir='ltr'><strong>Ut</strong></span> <span class='ocrx_word' id='word_1_117' title='bbox 1124 3287 1186 3366; x_wconf 89' lang='lat' dir='ltr'><strong>sic,</strong></span> <span class='ocrx_word' id='word_1_118' title='bbox 1208 3290 1268 3373; x_wconf 89' lang='lat' dir='ltr'><strong>qui</strong></span> 
     </span>
     <span class='ocr_line' id='line_1_26' title="bbox 596 3387 1265 3470; baseline 0 -16"><span class='ocrx_word' id='word_1_119' title='bbox 596 3396 738 3454; x_wconf 90' lang='lat' dir='ltr'><strong>cunctos</strong></span> <span class='ocrx_word' id='word_1_120' title='bbox 754 3389 790 3452; x_wconf 91' lang='lat' dir='ltr'><strong>in</strong></span> <span class='ocrx_word' id='word_1_121' title='bbox 804 3407 910 3470; x_wconf 82' lang='lat' dir='ltr'><strong>regno</strong></span> <span class='ocrx_word' id='word_1_122' title='bbox 933 3387 1160 3470; x_wconf 87' lang='lat' dir='ltr'><strong>supereminet</strong></span> <span class='ocrx_word' id='word_1_123' title='bbox 1181 3395 1265 3454; x_wconf 90' lang='lat' dir='ltr'><strong>stre·</strong></span> 
     </span>
     <span class='ocr_line' id='line_1_27' title="bbox 596 3478 1329 3571; baseline 0.003 -19"><span class='ocrx_word' id='word_1_124' title='bbox 596 3489 740 3567; x_wconf 81' lang='lat' dir='ltr'><strong>unitate,</strong></span> <span class='ocrx_word' id='word_1_125' title='bbox 750 3488 905 3553; x_wconf 88' lang='lat' dir='ltr'><strong>omnibus</strong></span> <span class='ocrx_word' id='word_1_126' title='bbox 919 3488 1036 3570; x_wconf 86' lang='lat' dir='ltr'><strong>praesit</strong></span> <span class='ocrx_word' id='word_1_127' title='bbox 1048 3494 1083 3552; x_wconf 90' lang='lat' dir='ltr'><strong>et</strong></span> <span class='ocrx_word' id='word_1_128' title='bbox 1095 3495 1267 3571; x_wconf 82' lang='lat' dir='ltr'><strong>potestate</strong></span> <span class='ocrx_word' id='word_1_129' title='bbox 1326 3478 1329 3485; x_wconf 72' lang='grc'><strong>’</strong></span> 
     </span>
     <span class='ocr_line' id='line_1_28' title="bbox 596 3586 1266 3672; baseline -0.001 -20"><span class='ocrx_word' id='word_1_130' title='bbox 596 3597 631 3653; x_wconf 94' lang='lat' dir='ltr'><strong>et</strong></span> <span class='ocrx_word' id='word_1_131' title='bbox 639 3589 814 3670; x_wconf 85' lang='lat' dir='ltr'><strong>regimine.</strong></span> <span class='ocrx_word' id='word_1_132' title='bbox 836 3586 966 3651; x_wconf 85' lang='lat' dir='ltr'><strong>Verum</strong></span> <span class='ocrx_word' id='word_1_133' title='bbox 977 3587 1005 3650; x_wconf 88' lang='lat' dir='ltr'><strong>si</strong></span> <span class='ocrx_word' id='word_1_134' title='bbox 1017 3587 1093 3669; x_wconf 90' lang='lat' dir='ltr'><strong>quis</strong></span> <span class='ocrx_word' id='word_1_135' title='bbox 1102 3606 1146 3651; x_wconf 85' lang='lat' dir='ltr'><strong>ex</strong></span> <span class='ocrx_word' id='word_1_136' title='bbox 1159 3588 1266 3672; x_wconf 85' lang='lat' dir='ltr'><strong>stirpe</strong></span> 
     </span>
     <span class='ocr_line' id='line_1_29' title="bbox 595 3685 1266 3771; baseline 0 -20"><span class='ocrx_word' id='word_1_137' title='bbox 595 3688 686 3771; x_wconf 86' lang='lat' dir='ltr'><strong>regis</strong></span> <span class='ocrx_word' id='word_1_138' title='bbox 696 3686 847 3753; x_wconf 79' lang='lat' dir='ltr'><strong>defuncti</strong></span> <span class='ocrx_word' id='word_1_139' title='bbox 861 3685 938 3751; x_wconf 79' lang='lat' dir='ltr'><strong>aliis</strong></span> <span class='ocrx_word' id='word_1_140' title='bbox 948 3686 1176 3770; x_wconf 87' lang='lat' dir='ltr'><strong>praepolleret,</strong></span> <span class='ocrx_word' id='word_1_141' title='bbox 1189 3707 1266 3770; x_wconf 92' lang='lat' dir='ltr'><strong>pro-</strong></span> 
     </span>
     <span class='ocr_line' id='line_1_30' title="bbox 596 3785 1264 3871; baseline -0.004 -18"><span class='ocrx_word' id='word_1_142' title='bbox 596 3789 672 3853; x_wconf 88' lang='lat' dir='ltr'><strong>nius</strong></span> <span class='ocrx_word' id='word_1_143' title='bbox 688 3795 723 3853; x_wconf 91' lang='lat' dir='ltr'><strong>et</strong></span> <span class='ocrx_word' id='word_1_144' title='bbox 732 3785 922 3871; x_wconf 88' lang='lat' dir='ltr'><strong>promptius</strong></span> <span class='ocrx_word' id='word_1_145' title='bbox 936 3786 971 3849; x_wconf 91' lang='lat' dir='ltr'><strong>in</strong></span> <span class='ocrx_word' id='word_1_146' title='bbox 980 3785 1178 3851; x_wconf 84' lang='lat' dir='ltr'><strong>electionem</strong></span> <span class='ocrx_word' id='word_1_147' title='bbox 1189 3786 1264 3870; x_wconf 89' lang='lat' dir='ltr'><strong>ejus</strong></span> 
     </span>
     <span class='ocr_line' id='line_1_31' title="bbox 596 3884 1265 3953; baseline -0.006 1"><span class='ocrx_word' id='word_1_148' title='bbox 596 3896 649 3953; x_wconf 86' lang='lat' dir='ltr'><strong>est</strong></span> <span class='ocrx_word' id='word_1_149' title='bbox 677 3885 965 3953; x_wconf 90' lang='lat' dir='ltr'><strong>consentiendum.</strong></span> <span class='ocrx_word' id='word_1_150' title='bbox 1017 3884 1106 3949; x_wconf 83' lang='lat' dir='ltr'><strong>Haec</strong></span> <span class='ocrx_word' id='word_1_151' title='bbox 1137 3884 1265 3950; x_wconf 87' lang='lat' dir='ltr'><strong>idcirco</strong></span> 
     </span>
     <span class='ocr_line' id='line_1_32' title="bbox 594 3981 1266 4070; baseline -0.004 -19"><span class='ocrx_word' id='word_1_152' title='bbox 594 3987 745 4052; x_wconf 85' lang='lat' dir='ltr'><strong>diximus</strong></span> <span class='ocrx_word' id='word_1_153' title='bbox 757 4006 819 4070; x_wconf 91' lang='lat' dir='ltr'><strong>pro</strong></span> <span class='ocrx_word' id='word_1_154' title='bbox 834 3985 963 4069; x_wconf 90' lang='lat' dir='ltr'><strong>inclyto</strong></span> <span class='ocrx_word' id='word_1_155' title='bbox 973 3984 1096 4048; x_wconf 80' lang='lat' dir='ltr'><strong>comite</strong></span> <span class='ocrx_word' id='word_1_156' title='bbox 1107 3982 1129 4047; x_wconf 86' lang='lat' dir='ltr'>J</span> <span class='ocrx_word' id='word_1_157' title='bbox 1132 3981 1266 4048; x_wconf 82' lang='lat' dir='ltr'><strong>ohanne</strong></span> 
     </span>
     <span class='ocr_line' id='line_1_33' title="bbox 592 4082 1265 4171; baseline -0.004 -20"><span class='ocrx_word' id='word_1_158' title='bbox 592 4087 652 4171; x_wconf 92' lang='lat' dir='ltr'><strong>qni</strong></span> <span class='ocrx_word' id='word_1_159' title='bbox 673 4105 824 4170; x_wconf 85' lang='lat' dir='ltr'><strong>praesens</strong></span> <span class='ocrx_word' id='word_1_160' title='bbox 840 4093 905 4163; x_wconf 89' lang='lat' dir='ltr'><strong>est,</strong></span> <span class='ocrx_word' id='word_1_161' title='bbox 921 4084 1028 4148; x_wconf 82' lang='lat' dir='ltr'><strong>freter</strong></span> <span class='ocrx_word' id='word_1_162' title='bbox 1044 4082 1265 4148; x_wconf 88' lang='lat' dir='ltr'><strong>illustrissimi</strong></span> 
     </span>
    </p>
   </div>
   <div class='ocr_carea' id='block_1_8' title="bbox 176 4282 1269 4662">
    <p class='ocr_par' dir='ltr' id='par_1_8' title="bbox 176 4282 1269 4662">
     <span class='ocr_line' id='line_1_34' title="bbox 209 4282 692 4349; baseline -0.008 -14"><span class='ocrx_word' id='word_1_163' title='bbox 209 4284 216 4316; x_wconf 93' lang='lat'><strong>¹</strong></span> <span class='ocrx_word' id='word_1_164' title='bbox 229 4283 355 4349; x_wconf 55' lang='lat' dir='ltr'><strong>Auem]</strong></span> <span class='ocrx_word' id='word_1_165' title='bbox 374 4284 451 4334; x_wconf 85' lang='lat' dir='ltr'><strong>Alius</strong></span> <span class='ocrx_word' id='word_1_166' title='bbox 461 4285 558 4335; x_wconf 85' lang='lat' dir='ltr'><strong>scilieet</strong></span> <span class='ocrx_word' id='word_1_167' title='bbox 569 4282 692 4345; x_wconf 73' lang='lat' dir='ltr'><strong>mtyrice:</strong></span> 
     </span>
     <span class='ocr_line' id='line_1_35' title="bbox 399 4363 1038 4432; baseline -0.013 -11"><span class='ocrx_word' id='word_1_168' title='bbox 399 4374 408 4400; x_wconf 89' lang='lat'>‘</span> <span class='ocrx_word' id='word_1_169' title='bbox 421 4371 531 4432; x_wconf 84' lang='lat' dir='ltr'><strong>Christe,</strong></span> <span class='ocrx_word' id='word_1_170' title='bbox 540 4371 580 4419; x_wconf 87' lang='lat' dir='ltr'><strong>tui</strong></span> <span class='ocrx_word' id='word_1_171' title='bbox 590 4368 673 4419; x_wconf 60' lang='lat' dir='ltr'><strong>ulicis</strong></span> <span class='ocrx_word' id='word_1_172' title='bbox 683 4366 771 4430; x_wconf 77' lang='lat' dir='ltr'><strong>proedo</strong></span> <span class='ocrx_word' id='word_1_173' title='bbox 781 4367 809 4416; x_wconf 80' lang='lat' dir='ltr'><strong>tt</strong></span> <span class='ocrx_word' id='word_1_174' title='bbox 819 4365 907 4429; x_wconf 77' lang='lat' dir='ltr'><strong>preda</strong></span> <span class='ocrx_word' id='word_1_175' title='bbox 917 4363 1038 4423; x_wconf 80' lang='lat' dir='ltr'><strong>Culucis3</strong></span> 
     </span>
     <span class='ocr_line' id='line_1_36' title="bbox 421 4430 1041 4503; baseline -0.013 -12"><span class='ocrx_word' id='word_1_176' title='bbox 421 4441 482 4491; x_wconf 80' lang='lat' dir='ltr'><strong>AEre</strong></span> <span class='ocrx_word' id='word_1_177' title='bbox 491 4441 562 4490; x_wconf 81' lang='lat' dir='ltr'><strong>brevi</strong></span> <span class='ocrx_word' id='word_1_178' title='bbox 575 4439 668 4503; x_wconf 68' lang='lat' dir='ltr'><strong>rejicis,</strong></span> <span class='ocrx_word' id='word_1_179' title='bbox 676 4438 721 4500; x_wconf 90' lang='lat' dir='ltr'><strong>qui</strong></span> <span class='ocrx_word' id='word_1_180' title='bbox 730 4437 790 4487; x_wconf 90' lang='lat' dir='ltr'><strong>tulit</strong></span> <span class='ocrx_word' id='word_1_181' title='bbox 800 4450 852 4486; x_wconf 75' lang='lat' dir='ltr'><strong>tera</strong></span> <span class='ocrx_word' id='word_1_182' title='bbox 861 4430 1041 4485; x_wconf 60' lang='lat' dir='ltr'><strong>trucul—Ge.</strong></span> 
     </span>
     <span class='ocr_line' id='line_1_37' title="bbox 214 4504 1269 4589; baseline -0.008 -11"><span class='ocrx_word' id='word_1_183' title='bbox 214 4529 258 4578; x_wconf 69' lang='lat' dir='ltr'><strong>ce.</strong></span> <span class='ocrx_word' id='word_1_184' title='bbox 271 4527 326 4577; x_wconf 61' lang='lat'><strong>2100</strong></span> <span class='ocrx_word' id='word_1_185' title='bbox 343 4526 408 4577; x_wconf 72' lang='lat' dir='ltr'><strong>eeu·</strong></span> <span class='ocrx_word' id='word_1_186' title='bbox 421 4541 438 4576; x_wconf 72' lang='lat' dir='ltr'><strong>a</strong></span> <span class='ocrx_word' id='word_1_187' title='bbox 453 4524 632 4589; x_wconf 51' lang='lat' dir='ltr'><strong>crepemus</strong></span> <span class='ocrx_word' id='word_1_188' title='bbox 646 4523 769 4586; x_wconf 65' lang='lat' dir='ltr'><strong>peuense</strong></span> <span class='ocrx_word' id='word_1_189' title='bbox 784 4521 852 4584; x_wconf 70' lang='lat' dir='ltr'><strong>regu</strong></span> <span class='ocrx_word' id='word_1_190' title='bbox 870 4519 990 4569; x_wconf 61' lang='lat' dir='ltr'><strong>mnan</strong></span> <span class='ocrx_word' id='word_1_191' title='bbox 1006 4519 1032 4568; x_wconf 78' lang='lat' dir='ltr'><strong>in</strong></span> <span class='ocrx_word' id='word_1_192' title='bbox 1049 4504 1269 4585; x_wconf 63' lang='lat' dir='ltr'><strong>mouerentur:</strong></span> 
     </span>
     <span class='ocr_line' id='line_1_38' title="bbox 176 4593 977 4662; baseline -0.011 -14"><span class='ocrx_word' id='word_1_193' title='bbox 176 4598 300 4662; x_wconf 78' lang='lat' dir='ltr'><strong>probably</strong></span> <span class='ocrx_word' id='word_1_194' title='bbox 311 4596 354 4647; x_wconf 85' lang='lat' dir='ltr'><strong>the</strong></span> <span class='ocrx_word' id='word_1_195' title='bbox 366 4611 434 4647; x_wconf 80' lang='lat' dir='ltr'><strong>sume</strong></span> <span class='ocrx_word' id='word_1_196' title='bbox 445 4597 507 4647; x_wconf 77' lang='lat' dir='ltr'><strong>with</strong></span> <span class='ocrx_word' id='word_1_197' title='bbox 518 4595 573 4646; x_wconf 77' lang='lat' dir='ltr'><strong>thet</strong></span> <span class='ocrx_word' id='word_1_198' title='bbox 583 4595 656 4658; x_wconf 72' lang='lat' dir='ltr'><strong>given</strong></span> <span class='ocrx_word' id='word_1_199' title='bbox 666 4594 758 4655; x_wconf 84' lang='lat' dir='ltr'><strong>below,</strong></span> <span class='ocrx_word' id='word_1_200' title='bbox 765 4597 825 4642; x_wconf 89' lang='lat' dir='ltr'><strong>tom.</strong></span> <span class='ocrx_word' id='word_1_201' title='bbox 836 4593 872 4643; x_wconf 78' lang='lat' dir='ltr'><strong>ir.</strong></span> <span class='ocrx_word' id='word_1_202' title='bbox 882 4606 909 4653; x_wconf 84' lang='lat' dir='ltr'><strong>p.</strong></span> <span class='ocrx_word' id='word_1_203' title='bbox 920 4593 977 4640; x_wconf 72' lang='grc'><strong>288.</strong></span> 
     </span>
    </p>
   </div>
   <div class='ocr_carea' id='block_1_9' title="bbox 0 0 1672 5734">
    <p class='ocr_par' dir='ltr' id='par_1_9' title="bbox 0 0 1672 5734">
     <span class='ocr_line' id='line_1_39' title="bbox 0 0 1672 5734; baseline 0 2"><span class='ocrx_word' id='word_1_204' title='bbox 0 0 1672 5734; x_wconf 95' lang='lat' dir='ltr'><strong> </strong></span> 
     </span>
    </p>
   </div>
  </div>
 </body>
</html>
