3334 5734
587 799 786 850 caenosas
808 801 938 850 vasum
1242 784 1306 852 ³21

219 983 408 1061 tondentes,
426 981 627 1047 electionem
642 981 763 1064 ipsam,
783 981 1014 1044 examinatam
1030 988 1132 1064 prout
1143 983 1304 1047 convenit

218 1082 411 1165 diligenter,
426 1082 623 1147 canonicam
649 1079 879 1144 invenerimus
899 1079 1011 1163 quoad
1035 1079 1198 1162 formam
1224 1081 1306 1165 quia

216 1188 333 1248 tamen
348 1183 391 1247 de
407 1200 562 1266 pmsonae
574 1180 703 1245 meritis
718 1179 855 1261 plenam
870 1180 1028 1245 notitiam
1042 1199 1113 1245 non
1127 1180 1304 1259 babemus,

214 1279 423 1348 fraternitati
455 1288 579 1347 vestrae
607 1299 669 1363 per
703 1278 894 1361 apostoliea
923 1280 1052 1364 scripta
1087 1280 1302 1359 mandamus,

218 1389 389 1464 quatenus
411 1399 489 1465 quae
518 1378 609 1444 circa
632 1377 936 1461 electipersonam
956 1379 1159 1463 inquirende
1181 1378 1307 1445 inerint

219 1480 365 1548 sollicite
385 1479 606 1564 inquirentes,
635 1477 666 1542 si
692 1496 768 1543 eam
788 1476 1011 1543 suffimentem
1032 1479 1234 1544 inveneritis
1260 1478 1305 1544 ad

218 1579 372 1664 ejudem
401 1578 598 1646 monasterii
626 1578 778 1660 sagimen
811 1579 1062 1656 assumendum,
1094 1579 1305 1662 praemissam

219 1678 420 1745 electionem
448 1676 653 1744 auctoritate
680 1676 870 1760 apostolica
894 1678 1111 1756 confirmetis,
1137 1685 1174 1743 et
1197 1678 1308 1744 electu

219 1776 356 1844 tadeus
371 1778 479 1844 eidem
500 1775 728 1843 obedientiam
751 1784 787 1842 at
799 1778 1023 1842 reverentiam
1038 1777 1188 1843 debitam
1206 1777 1306 1843 exbi-

219 1876 292 1942 beri
321 1898 363 1944 ac
389 1896 513 1943 munus
538 1876 784 1942 benedictionis
814 1876 976 1960 impendi,
1003 1877 1174 1960 recepturi
1198 1878 1242 1943 ab
1264 1896 1307 1942 eo

219 1977 435 2059 postmodum
452 1997 514 2061 pro
528 1976 625 2041 nobis
639 1984 675 2041 et
691 1977 850 2042 Romana
861 1975 1005 2041 ecclesia
1019 1977 1194 2041 fidelitatis
1210 1975 1305 2042 solli·

221 2075 299 2142 citoe
319 2078 563 2162 juramentum,
585 2075 691 2160 juxta
709 2076 853 2140 formam
876 2094 978 2158 quam
998 2077 1097 2141 vobis
1123 2077 1189 2141 sub
1212 2075 1307 2140 bulla

221 2183 343 2242 nostra
364 2177 530 2242 mittimus
556 2176 792 2253 interclusam
820 2175 983 2258 alioquin,
1005 2195 1048 2241 ea
1071 2176 1136 2241 rite
1160 2182 1309 2251 cassam,

221 2274 358 2341 faciatis
370 2275 463 2341 dicto
487 2276 694 2341 monasterio
712 2274 755 2339 de
776 2294 924 2358 persona
946 2274 1069 2340 idonea
1091 2294 1152 2358 per
1174 2275 1310 2340 electio·

220 2393 298 2438 nem
312 2376 511 2440 monicum
529 2375 712 2458 provideri.
764 2374 1042 2439 Contradictores
1057 2392 1310 2457 percensuram

220 2473 499 2551 ecclesiasticam,
541 2473 771 2557 appellatione
808 2474 1013 2557 postposite,
1053 2472 1309 2556 compescendo.

223 2571 383 2638 Formam
399 2580 515 2638 autem
536 2573 735 2657 juramenti,
752 2574 843 2655 quod
867 2574 940 2654 ipse
953 2573 1132 2656 prestabit
1153 2572 1251 2637 nobis
1268 2571 1311 2637 dc

221 2672 326 2738 verbo
353 2671 564 2737 adverbum
593 2690 656 2754 per
681 2670 756 2754 ejus
780 2677 937 2751 patentes
967 2671 1084 2734 literas
1111 2690 1175 2734 suu
1196 2672 1310 2753 sigillo

222 2769 389 2851 signatas,
420 2788 524 2852 quam
554 2770 623 2833 cito
657 2769 812 2852 poteritis
846 2788 908 2852 per
942 2769 1115 2853 proprium
1152 2770 1310 2835 nundum

222 2868 474 2934 manumittutis.
507 2866 623 2947 Quod,
638 2868 749 2933 sinon
762 2868 862 2934 ambo
877 2868 930 2932 bis
946 2867 1173 2952 exsequendis
1189 2877 1310 2952 potue·

221 2966 300 3033 ritis
313 2969 490 3044 interesse,
514 2967 602 3032 alter
616 2974 768 3033 vestrum
790 2986 833 3033 ea
853 2965 1074 3034 nihilominus
1090 2975 1310 3051 exsequatur.

224 3066 354 3134 Datum
371 3066 528 3142 Parusii'
545 3059 598 3131 ¹et
611 3072 749 3131 catera.

307 3230 437 3296 Raditur
451 3231 629 3296 emturum
644 3239 672 3296 et
686 3229 848 3295 dmedielio
861 3230 979 3297 abbatie
994 3234 1094 3298 meti
1107 3233 1237 3300 Albani.

274 3357 473 3441 Impetratis
485 3365 599 3423 autem
615 3357 668 3423 bis
683 3358 792 3423 literis
805 3378 883 3423 cum
897 3359 974 3424 eliis
988 3361 1052 3426 sub
1067 3362 1163 3427 bulla
1173 3364 1311 3444 clausis,

223 3456 375 3521 salutato
399 3457 536 3522 domiuo
561 3477 652 3541 papa
676 3464 711 3523 et
731 3457 908 3538 frutribus,
929 3479 1059 3526 necnon
1082 3470 1119 3528 et
1133 3466 1310 3548 respectis,

222 3555 396 3620 redierunt
419 3556 529 3621 nuntii
551 3557 704 3640 praedicti
726 3575 803 3621 cum
825 3560 1053 3642 prosperitate
1077 3570 1157 3645 post
1179 3583 1309 3629 moram

221 3653 258 3717 in
283 3655 378 3719 curia
400 3653 527 3720 iactam
552 3675 613 3739 per
630 3655 819 3740 quindecim
845 3656 928 3721 dies.
980 3657 1172 3746 Episcopus
1195 3671 1310 3728 autem

223 3752 460 3831 londinensis,
499 3754 567 3819 alio
599 3773 636 3820 se
674 3763 874 3835 excusante,
907 3758 1107 3824 mandatum
1147 3763 1311 3845 apostoli-

222 3871 300 3917 cum
323 3853 505 3935 diligenter
525 3862 719 3933 exsecutus,
741 3856 995 3922 examinatione
1018 3858 1082 3923 rite
1107 3859 1200 3926 lecta
1224 3862 1309 3927 nihil

223 3953 404 4034 reprobum
441 3951 477 4018 in
512 3972 659 4037 maone
692 3955 791 4020 electi
824 3957 1008 4038 reperiens,
1039 3977 1162 4023 munus
1197 3961 1309 4025 solen·

223 4052 314 4115 niter
342 4052 587 4117 benedictionis
618 4054 727 4118 eidem
756 4055 921 4138 impendit
942 4056 977 4120 in
1002 4058 1153 4124 crastino
1178 4061 1309 4126 scilieet

121 4216 125 4222 ,
224 4149 419 4217 nativitatis
446 4153 556 4218 beatae
585 4151 740 4236 Virginis
770 4153 804 4218 in
838 4154 982 4220 ecclesia
1011 4156 1123 4223 sancti
1156 4157 1308 4240 Albani3

222 4249 282 4314 ubi
310 4259 439 4334 apertae
465 4259 546 4316 sunt
572 4252 681 4317 literae
705 4252 847 4317 inclusae
873 4252 1001 4319 domini
1020 4274 1133 4340 papae,
1154 4277 1252 4342 quas,
1269 4267 1309 4324 ut

222 4351 385 4433 oportuit,
418 4351 547 4416 electus
574 4352 609 4418 in
641 4353 798 4418 abbatem
834 4353 1082 4420 benedicendus
1117 4356 1308 4440 profitendo

315 4573 487 4644 'Etenim
503 4579 580 4630 Sexto
590 4578 648 4629 idus
658 4580 910 4644 Junil,pontideatus
921 4581 998 4631 noemi
1008 4596 1073 4631 anno
1083 4597 1163 4643 nono;
1182 4586 1212 4635 c.

1136 4676 1161 4723 Y
