3334 5734
583 770 781 821 nscrtorttts
804 773 935 824 ventu.

213 889 270 929 rto.
306 891 360 930 nra.

213 953 267 1028 33,
327 954 562 1042 5,HsyoBipod
608 955 716 1040 nugo
732 964 849 1024 autem
865 959 990 1042 Bigod.

211 1114 263 1129 —
329 1074 562 1165 roseoque
606 1080 1109 1167 inanisquisqueregionibus.

368 1177 514 1263 partibas

211 1335 262 1349 -
306 1302 357 1378 ll,
377 1302 560 1388 Vndensipi-
607 1299 739 1366 Videns
760 1301 868 1383 igitur
887 1321 951 1367 rex
966 1301 1162 1366 Willelmus
1184 1321 1301 1367 omnes

372 1409 443 1465 tor.
456 1400 560 1467 ..eod-
627 1419 726 1484 paene
742 1401 840 1484 regni
858 1421 1016 1485 proceres
1032 1420 1101 1466 una
1116 1402 1210 1466 rabie
1222 1420 1300 1467 con·

371 1509 540 1567 merserunt
628 1500 790 1583 spiratos,
806 1497 941 1583 Anglos
956 1500 1155 1566 fortitudine
1172 1509 1206 1566 et
1222 1520 1301 1584 pro·

628 1598 736 1664 bitate
752 1599 917 1682 insignes,
939 1599 1058 1664 faciles
1074 1599 1168 1682 leges
1191 1607 1226 1664 et
1242 1601 1301 1664 tri-

629 1697 789 1764 butorum
822 1699 977 1765 levamen
1009 1698 1200 1782 liberasque
1232 1698 1300 1763 illis

629 1799 829 1863 venationes
846 1796 1087 1882 promittendo,
1108 1798 1174 1862 sibi
1190 1797 1299 1881 primo

630 1895 809 1977 devinxit3
836 1895 958 1961 deinde
974 1916 1043 1961 non
1064 1895 1187 1961 minori
1206 1903 1300 1961 astu·

631 1996 681 2061 tia
703 1994 879 2078 Rogarem
911 1995 954 2060 de
982 1994 1300 2061 Monte-Gomerico

630 2113 746 2159 secum
765 2095 974 2178 equitantem
993 2095 1227 2173 circumvenit,
1252 2094 1301 2160 di·

629 2212 724 2272 cens,
735 2212 773 2258 se
789 2194 935 2259 libenter
946 2212 1054 2277 regno
1069 2213 1255 2272 cessurum,
1269 2195 1300 2259 si

629 2292 681 2356 illi
694 2300 730 2357 et
746 2292 835 2371 aliis,
852 2312 940 2376 quos
957 2299 1056 2376 pater
1079 2300 1210 2358 tutores
1233 2293 1299 2358 sibi

630 2392 826 2476 reliquerat,
847 2392 932 2458 utile
958 2391 1140 2457 videretur.
1192 2392 1298 2457 Pecu·

628 2491 704 2556 nias
731 2498 847 2556 autem
881 2490 937 2557 vel
969 2490 1201 2575 possessiones
1236 2511 1300 2576 pro

629 2609 693 2655 suo
722 2590 865 2656 arbitrio
896 2590 1062 2674 accipere,
1093 2597 1129 2654 et
1159 2610 1299 2674 prorsus

629 2708 841 2773 quacunque
857 2690 1029 2755 voluerint
1049 2690 1085 2753 iu
1108 2708 1216 2772 reguo
1235 2709 1299 2773 pro

628 2789 808 2854 voluntate
835 2795 998 2866 statuere,
1029 2787 1212 2854 dummodo
1238 2808 1300 2853 no·

628 2895 699 2952 tem
719 2887 923 2972 proditionis
936 2907 1006 2952 ncn
1023 2889 1211 2964 incurrant,
1231 2886 1300 2952 illis

628 3006 666 3050 se
695 2986 892 3052 concedere.
953 2984 1049 3051 Idem
1084 2993 1198 3051 autem
1231 2984 1300 3050 illis

628 3092 830 3151 eventurum
844 3085 935 3169 quod
951 3085 1029 3161 sibi,
1042 3085 1071 3148 si
1082 3103 1181 3148 secus
1195 3104 1299 3168 quam

628 3184 717 3249 ratio
728 3183 953 3268 postulaverit
962 3203 1077 3248 secum
1088 3191 1205 3266 agant,
1214 3203 1299 3267 prae·

628 3284 727 3367 cipue
745 3303 823 3348 cum
841 3282 931 3347 idem
945 3302 983 3347 se
998 3302 1125 3365 regem,
1142 3282 1202 3366 qui
1220 3283 1299 3348 illos

628 3383 769 3448 comites
808 3382 1033 3448 constituerit
1089 3381 1156 3447 His
1186 3383 1299 3448 verbis

628 3502 742 3547 comes
765 3481 938 3563 Rogems,
961 3482 1019 3565 qui
1048 3482 1193 3564 primum
1221 3489 1300 3564 post

629 3580 783 3645 Odonem
805 3579 909 3664 hujus
928 3578 1087 3644 factionis
1104 3587 1209 3664 caput
1222 3580 1298 3658 suit,

626 3680 804 3746 convictus
819 3687 855 3744 et
869 3686 1070 3757 commotus,
1086 3679 1215 3763 primus
1229 3699 1298 3744 om·

628 3779 721 3842 nium
740 3777 942 3863 poenitentia
963 3776 1086 3843 ductus
1107 3797 1131 3843 a
1147 3778 1220 3842 suis
1238 3776 1298 3842 de·

628 3878 717 3943 secit.
751 3877 880 3942 Postea
889 3895 951 3942 rex
964 3876 1002 3941 in
1017 3877 1206 3942 desertores
1216 3896 1298 3941 suos

627 3976 801 4062 profectus
828 3975 896 4040 duo
928 3975 1070 4039 castella
1099 3975 1213 4057 patrui
1245 3976 1298 4039 sui

630 4075 760 4140 Odonis
783 4074 945 4158 episcopi,
968 4074 1189 4155 Tunebrigge
1205 4073 1297 4137 scili·

627 4182 682 4240 cet
697 4182 733 4240 et
747 4173 946 4251 Perenesel,
961 4172 1145 4254 confregit3
1168 4172 1299 4256 episco-

627 4293 709 4358 pum
727 4293 808 4340 vero
826 4273 863 4336 in
882 4272 1061 4355 posteriori
1083 4271 1225 4336 castello
1246 4272 1297 4334 in·

627 4380 815 4457 terceptum
825 4371 969 4436 vinculis
977 4370 1197 4452 mancipavit.
1227 4369 1297 4433 Mi·

627 4471 706 4538 lites
728 4480 843 4537 autem
867 4470 952 4552 regii
974 4469 1017 4536 ad
1041 4476 1192 4534 castrum
1213 4468 1295 4535 Ros-

1128 4584 1147 4630 c
