3334 5734
562 795 760 846 cacrtortns
785 795 917 844 varra.
1220 780 1286 845 2⁰5

247 982 339 1065 regis
371 979 508 1062 Angliae
540 987 580 1044 ut
610 979 729 1045 liceret
758 980 791 1043 ei
823 977 921 1043 salvo
954 977 1069 1043 venire
1100 985 1135 1044 et
1161 979 1284 1060 redire,

248 1102 310 1147 rex
343 1080 498 1145 Francius
527 1079 635 1144 iratus
665 1098 742 1143 cnm
774 1078 973 1162 juramento
1008 1077 1110 1143 solitu
1140 1100 1283 1164 raspon-

248 1182 312 1257 dit,
329 1179 421 1244 ‘Per
442 1187 579 1244 sanctum
607 1178 775 1253 Franciaa,
795 1177 931 1242 nonnisi
950 1176 1119 1243 mediante
1130 1178 1286 1263 judicio!

251 1280 298 1345 Et
319 1299 395 1345 cum
418 1279 558 1344 adderet
576 1279 755 1363 episcopus
771 1276 924 1361 pericula
947 1296 1025 1359 quaa
1040 1288 1179 1360 possent
1204 1300 1286 1345 con·

251 1381 384 1462 tingere
414 1398 476 1462 per
504 1377 687 1443 adventum
720 1377 808 1461 ejus,
836 1377 898 1453 ait,
923 1376 1091 1442 ‘Domine
1115 1398 1191 1458 rex,
1217 1400 1286 1445 non

252 1488 368 1563 posset
399 1477 471 1542 dux
500 1476 721 1542 Narmanniae
758 1475 802 1540 ad
833 1476 962 1540 curiam
991 1484 1140 1541 vestram
1171 1482 1300 1546 venire

252 1579 318 1643 nisi
343 1578 474 1641 reniret
498 1596 561 1641 rex
583 1575 732 1658 Angliae,
759 1595 837 1640 cum
860 1595 929 1639 una
951 1594 1098 1658 persona
1121 1578 1190 1643 sint
1215 1581 1287 1646 dux

254 1687 289 1742 et
320 1697 395 1753 rex,
422 1676 513 1760 quod
547 1696 615 1740 non
645 1675 857 1759 permitteret
887 1674 1003 1759 aliquo
1032 1676 1133 1741 modo
1165 1679 1288 1745 barna·

252 1779 346 1860 giam
370 1776 519 1858 Angliae,
545 1776 610 1841 etsi
635 1776 708 1858 ipse
730 1794 793 1839 rex
823 1774 889 1837 hoc
912 1773 1036 1852 vellet3
1074 1776 1287 1846 imminerent

253 1878 345 1942 enim
365 1874 527 1959 pericula,
546 1882 586 1941 ut
596 1875 715 1951 nostis,
732 1882 885 1957 capturae
901 1873 956 1938 vel
976 1875 1103 1939 caedis!
1153 1876 1219 1943 Cui
1237 1900 1288 1945 re

254 1975 426 2059 spondens
449 1994 511 2039 rex
539 1974 639 2050 dixit,
657 1973 726 2038 ‘Et
748 1972 925 2056 quidhoc,
948 1973 1084 2039 domine
1104 1978 1287 2062 episcopal

257 2077 351 2140 Bane
372 2075 480 2139 scitur
498 2073 588 2157 quod
614 2074 686 2137 dux
712 2071 946 2149 Normanniue,
969 2074 1028 2156 qui
1052 2082 1169 2141 tenens
1193 2098 1290 2145 meus

257 2182 321 2250 est,
336 2173 496 2256 Angliam
520 2174 584 2238 sibi
607 2172 793 2256 adquisivit
804 2171 981 2237 violenter.
1033 2172 1130 2239 Etsi
1153 2177 1290 2243 subdito

256 2273 384 2358 aliquid
398 2273 560 2339 accrescit
571 2273 607 2336 in
622 2272 795 2350 honorem,
805 2270 969 2355 perdetne
983 2292 1045 2357 per
1056 2273 1121 2340 hoc
1133 2275 1291 2343 dominns

257 2373 441 2457 capitalisl
466 2373 578 2436 absit’
628 2370 684 2437 Ad
698 2371 788 2454 quod
804 2390 882 2436 cum
905 2372 1016 2436 nuntii
1030 2373 1115 2436 nihil
1131 2383 1291 2459 poterant

178 2520 184 2530 .
257 2472 505 2538 rationabiliter
520 2472 733 2554 respondere,
746 2470 920 2536 redieram
933 2471 978 2536 ad
990 2471 1162 2539 dominum
1176 2496 1291 2559 regem

257 2571 409 2655 Angliae,
427 2590 505 2654 quae
522 2570 701 2635 audierant
723 2577 759 2634 et
773 2570 931 2636 viderant
953 2572 1160 2640 nuntiantes.
1212 2576 1292 2641 Rex

257 2680 373 2736 autem
393 2670 503 2735 noluit
520 2690 557 2734 se
579 2671 788 2735 committere
804 2669 917 2734 dubiis
938 2671 1075 2735 casibus
1101 2682 1135 2738 et
1152 2674 1292 2759 judiciis

261 2771 483 2846 Francorum,
509 2770 567 2853 qui
599 2789 677 2834 eum
707 2788 776 2833 non
804 2768 1011 2851 diligebaut3
1041 2774 1189 2839 maxime
1216 2794 1293 2840 cum

260 2872 396 2936 timeret
415 2878 455 2934 nt
469 2869 500 2932 ei
519 2869 562 2933 de
583 2868 781 2953 turpissima
795 2876 905 2932 morte
919 2868 1064 2934 Arthuri
1080 2871 1292 2956 objiceretur,

256 2970 363 3055 juxta
376 2969 459 3033 illud
477 2968 637 3033 Horatii:

547 3111 655 3176 ‘Quial
669 3129 714 3168 me
728 3110 847 3186 vestigia
858 3117 966 3167 terrent

369 3208 474 3268 Omnia
485 3218 514 3266 ta
527 3208 676 3266 adversum
690 3206 853 3284 spectantia,
866 3205 944 3263 nulla
956 3207 1126 3268 retrorsum’

264 3345 448 3428 Magnates
462 3352 575 3410 autem
595 3343 750 3409 Franciae
770 3341 991 3408 nihilominus
1009 3357 1248 3428 processerunt
1261 3351 1298 3416 in

259 3445 438 3530 judicium,
467 3443 558 3528 quod
587 3444 652 3509 rite
680 3463 749 3507 non
774 3442 965 3507 debuerunt
989 3442 1122 3526 facer03
1158 3467 1204 3513 ex
1227 3469 1296 3533 quo

260 3544 467 3628 judicandus
484 3543 604 3622 abluit,
620 3543 680 3627 qui
703 3542 822 3608 adesse
840 3542 949 3607 voluit
969 3543 999 3607 si
1017 3554 1145 3628 posset.
1185 3549 1298 3630 Unde,

266 3644 297 3708 si
325 3663 388 3708 rex
415 3642 592 3709 lohannes
621 3642 836 3726 abjudicatus
868 3641 971 3706 luerit
997 3663 1059 3726 per
1086 3646 1299 3716 adversarios

266 3762 360 3822 snus,
375 3762 445 3808 non
459 3743 524 3806 rite
539 3739 1013 3826 abjudicabatur.—Omitted
1029 3743 1064 3807 in
1082 3744 1115 3809 0.

227 3883 285 3921 ΡΑΟ.
308 3882 360 3920 ult.

218 3942 293 4022 377,
331 3940 563 4107 &paeantid-
613 3951 777 4027 tanquam
794 3943 945 4008 vasallus
959 3944 1044 4028 ejus.

393 4063 445 4107 um

219 4165 296 4245 378,
311 4169 363 4244 30,
381 4165 520 4232 Woloait
617 4164 651 4229 θ.
672 4164 798 4229 and'B.
814 4165 920 4230 insert
945 4165 1036 4242 here,
1059 4167 1164 4233 ‘Una
1189 4176 1303 4237 autem

637 4263 766 4328 dierum
783 4263 990 4342 Ludovicus,
1010 4266 1151 4332 medens
1168 4267 1303 4336 flectere

636 4363 834 4428 fidelitatem
869 4363 1018 4429 Huberti
1047 4366 1090 4430 de
1118 4367 1237 4451 Burgo
1270 4379 1306 4436 et

608 4553 615 4584 ¹
625 4548 712 4623 Quia]
731 4568 751 4607 1.
762 4555 829 4619 Epp.
841 4557 859 4607 i.
870 4560 910 4608 u.
