3334 5734
761 793 960 843 LBCTIONBS
981 794 1112 844 VAROE.

478 1105 1406 1272 Dedininoffcioetjsjoniigzdetqnomodoirodsdoantpcr

867 1229 898 1271 m
963 1229 1026 1271 um.

453 1356 600 1422 ‘Clerici
620 1355 749 1422 faciant
772 1356 925 1421 divinum
950 1354 1097 1421 officinm
1122 1355 1308 1419 secundnm
1334 1352 1485 1419 ordinem

402 1464 531 1523 sunctae
564 1457 731 1522 Romanae
760 1456 926 1531 ecclesim,
958 1462 1103 1537 excepto
1137 1455 1312 1538 psalterio,
1343 1473 1389 1517 ex
1421 1471 1487 1535 qno

404 1557 555 1641 poterint
585 1555 708 1621 habere
737 1555 920 1622 breviaria.
980 1553 1077 1618 laeici
1110 1574 1190 1619 vero
1220 1555 1337 1619 dicant
1365 1552 1488 1634 viginti

405 1664 553 1740 quatuor
570 1654 676 1721 Pater
695 1662 812 1720 noster
833 1673 897 1739 pro
912 1654 1109 1732 matutinis;
1136 1672 1198 1736 pro
1213 1652 1374 1717 laudibus
1391 1651 1488 1734 qnin-

407 1776 490 1841 que;
515 1775 578 1839 pro
597 1754 718 1839 prims,
733 1756 849 1832 tertia,
862 1761 975 1831 sexte,
985 1772 1088 1829 nona,
1102 1772 1165 1837 pro
1180 1752 1334 1837 quelibet
1347 1752 1489 1815 istamm

407 1863 560 1938 septem
583 1875 646 1939 pro
669 1854 821 1938 vesperis
838 1861 953 1918 autem
969 1851 1147 1917 duodecim
1162 1872 1172 1931 3
1193 1872 1256 1936 pro
1269 1850 1489 1936 completorio

409 1961 561 2038 septem3
594 1962 630 2018 et
659 1963 757 2018 orent
784 1973 847 2037 pro
875 1952 1055 2017 defunctis.
1107 1951 1153 2016 Et
1172 1951 1332 2036 jejunent
1360 1970 1383 2015 a
1406 1948 1491 2013 sesto

411 2054 572 2120 Omnium
609 2053 812 2118 Sanctorum
852 2071 960 2136 usque
1000 2051 1045 2115 ad
1084 2051 1301 2117 nativitatem
1341 2049 1490 2115 Domini.

410 2153 573 2219 Sanctum
605 2173 686 2218 vero
719 2149 1039 2235 Quudragesimam,
1071 2169 1150 2233 qnae
1183 2150 1303 2233 incipit
1336 2151 1380 2213 ab
1413 2147 1491 2231 Epi·

410 2252 539 2337 phania
559 2271 670 2337 usqne
690 2252 726 2316 in
748 2252 930 2317 continuos
951 2249 1182 2333 quadraginta
1204 2250 1290 2327 dies,
1306 2268 1412 2332 quam
1425 2248 1493 2312 Do-

411 2353 525 2416 minus
538 2370 602 2416 sno
618 2360 739 2416 sancto
749 2350 884 2435 jejunio
900 2349 1126 2427 consecravit,
1138 2350 1196 2433 qni
1209 2349 1404 2415 voluntarie
1420 2366 1491 2411 essu

407 2450 578 2535 jejunant,
601 2450 772 2515 benedicti
797 2450 867 2514 siut
882 2469 903 2513 a
925 2450 1085 2527 Domino,
1103 2450 1212 2533 etqui
1227 2449 1413 2524 noluerint,
1428 2466 1492 2510 non

412 2551 482 2614 sint
498 2549 650 2629 astricti3
673 2549 734 2614 sed
751 2549 867 2626 aliam,
884 2567 991 2632 usque
1008 2548 1140 2613 scilicet
1155 2549 1200 2614 ed
1216 2546 1494 2615 resurrectionem

413 2648 566 2726 Domini,
594 2649 763 2734 Jejunent.
816 2647 904 2713 Aliis
934 2654 1049 2713 antem
1073 2648 1284 2733 temporibus
1312 2667 1383 2712 non
1405 2654 1494 2711 teue-

414 2758 526 2826 antur,
550 2747 617 2813 nisi
634 2756 735 2813 sexte
755 2746 853 2825 feria,
871 2747 1041 2832 jejunare.
1090 2747 1260 2832 Tempore
1284 2766 1366 2812 vero
1393 2746 1495 2810 mani·

414 2848 512 2915 festus
529 2848 742 2913 necessitatis
760 2866 828 2912 non
840 2852 1022 2912 teneantur
1037 2848 1160 2912 fratres
1169 2847 1304 2931 jejunio
1318 2845 1495 2929 corporali.

415 2947 670 3025 Consnlovero,
680 2966 813 3024 moneo,
830 2954 866 3011 et
880 2946 1043 3012 exhortor
1055 2946 1178 3011 fratres
1192 2966 1287 3011 meos
1303 2947 1339 3010 in
1352 2945 1496 3011 Domino

415 3047 503 3113 Jesu
528 3046 678 3124 Christo,
700 3053 740 3111 ut
758 3045 895 3129 quando
918 3047 1049 3111 vadunt
1073 3066 1135 3129 per
1152 3046 1315 3111 mnndum
1336 3065 1406 3110 non
1432 3045 1496 3109 liti·

416 3155 511 3231 gent,
534 3167 644 3231 neque
672 3145 883 3212 contendant
896 3146 1020 3223 verbis,
1042 3165 1104 3211 nec
1126 3146 1213 3211 alios
1235 3145 1415 3229 judicent3
1441 3142 1496 3208 sed

416 3248 488 3312 sint
512 3247 624 3324 mites,
655 3244 801 3330 pacifici,
832 3252 868 3311 et
897 3243 1053 3323 modesti,
1083 3246 1252 3311 mansneti
1281 3252 1317 3310 et
1345 3244 1497 3315 numne.

416 3346 559 3412 honeste
572 3345 749 3429 loquentes
766 3345 933 3421 omnibns,
948 3344 1039 3410 sicut
1053 3345 1163 3411 decet.
1214 3345 1260 3409 Et
1272 3364 1341 3410 non
1356 3344 1499 3408 debesnt

417 3446 583 3529 equitare,
596 3445 661 3508 nisi
675 3444 857 3509 manifesta
872 3445 1075 3510 necessitate
1089 3445 1144 3510 vel
1159 3444 1357 3509 infirmitate
1373 3462 1498 3526 cogan-

417 3558 486 3609 tur.
550 3543 593 3608 In
622 3563 860 3627 quamcunque
885 3545 1021 3610 domum
1043 3545 1257 3622 intraverint,
1279 3545 1429 3628 primum
1451 3542 1499 3606 di·

419 3650 500 3708 cant
525 3642 628 3707 ‘Pax
651 3642 729 3707 huic
749 3643 896 3710 domnii'
929 3651 976 3720 et,
999 3645 1183 3709 secundum
1211 3643 1440 3726 evangelium,
1460 3642 1499 3707 de

418 3742 574 3808 omnibus
588 3742 674 3808 cibis
690 3743 750 3825 qui
764 3751 985 3827 apponuntur
998 3745 1049 3808 eis
1065 3744 1167 3810 licent
1183 3744 1401 3809 manducare.

681 3907 812 3971 Fratres
824 3930 885 3973 ooo
902 3909 1053 3993 mopiam
1062 3911 1237 3995 posonium.

472 4057 668 4141 ‘Praecipio
680 4054 821 4120 firmiter
842 4056 1004 4122 iratribus
1026 4059 1203 4135 universis,
1230 4066 1269 4122 nt
1285 4059 1382 4123 nullo
1406 4057 1500 4122 modo

422 4158 580 4223 denarios
595 4156 650 4221 vel
662 4155 841 4239 pecnmsm
858 4156 1008 4239 aliquam
1031 4158 1199 4240 recipient
1217 4177 1278 4240 per
1299 4177 1349 4235 se,
1366 4158 1423 4222 vel
1446 4176 1502 4241 per

422 4256 658 4340 interpositam
684 4274 876 4338 personam.
927 4255 1059 4321 Tamen
1085 4277 1148 4340 pro
1174 4256 1434 4322 necessitatibus
1455 4258 1502 4320 in·

424 4357 608 4435 firmorum,
632 4362 669 4420 et
692 4354 769 4419 aliis
794 4354 955 4421 fratribus
976 4357 1168 4434 induendis,
1195 4376 1257 4440 per
1278 4357 1407 4422 amicos
1428 4375 1522 4439 spe·-

424 4456 529 4522 ciales
554 4455 701 4519 ministri
725 4461 859 4519 tuntum
883 4463 918 4521 et
938 4456 1098 4522 custodes
1115 4456 1295 4521 sollicitam
1318 4476 1434 4521 curam
1449 4475 1503 4538 ge·

424 4564 516 4634 rant,
543 4553 728 4620 secundnm
758 4552 836 4618 loca
862 4563 898 4620 et
929 4563 1083 4638 tempora
1108 4563 1144 4621 et
1168 4556 1312 4638 frigidas
1341 4557 1502 4639 regiones,
