3334 5734
375 757 420 821 90
743 771 945 821 nncrvouns
968 772 1101 822 vsnrn.

377 954 526 1036 negotio.
579 952 681 1032 Quod
707 973 784 1018 cum
819 960 944 1019 cuncta
974 953 1108 1019 rediens
1134 954 1396 1038 archiepiscopo
1427 975 1485 1019 re·

377 1054 549 1118 nuntiaret
570 1053 670 1117 vultu
691 1053 840 1117 demisso
864 1072 905 1118 ac
928 1054 1032 1129 tristi,
1051 1054 1227 1137 respondit
1246 1054 1484 1138 archiepisco-

377 1172 443 1236 pus
459 1153 649 1237 suspirans,
662 1157 673 1186 ⁴
685 1152 766 1217 Sine
783 1152 896 1230 modo,
913 1153 987 1217 sine
1004 1153 1106 1218 modo
1115 1154 1138 1234 ς’
1163 1161 1200 1218 et
1211 1174 1355 1219 movens
1371 1162 1482 1237 caput

376 1251 507 1317 addidit
527 1252 626 1336 qnasi
647 1252 771 1335 spiritu
791 1251 1004 1335 prophetico,
1022 1252 1189 1331 ‘Siccine
1206 1254 1335 1319 siccine
1352 1255 1480 1318 adffle

376 1352 539 1417 festinant
565 1358 721 1434 tempora
736 1351 1078 1417 consummationisi'
1127 1350 1248 1418 Abbas
1271 1362 1390 1418 antem
1407 1374 1479 1418 non

376 1451 548 1516 intellexit
569 1452 722 1529 verbum,
747 1450 808 1515 sed
830 1458 952 1534 postea
972 1453 1087 1517 omnia
1110 1460 1304 1535 patuerrmt
1358 1453 1408 1516 Et
1426 1454 1477 1517 in-

377 1557 476 1616 tuens
493 1551 606 1634 ipsum
623 1552 782 1616 abbatem
798 1549 899 1615 oculo
922 1551 1076 1634 piissimo
1099 1558 1136 1615 et
1154 1551 1225 1617 sere
1245 1551 1476 1636 lachrymanti

375 1651 436 1727 ait,
451 1656 462 1685 ⁴
475 1650 622 1715 Domine
634 1652 753 1729 abbas,
769 1655 886 1732 grates
900 1650 962 1715 tibi
976 1649 1086 1716 refero
1100 1669 1142 1716 ac
1158 1652 1279 1716 uberes
1295 1652 1341 1717 de
1356 1652 1475 1717 labore

375 1756 436 1815 tuo
453 1750 534 1815 licet
549 1751 684 1828 inutili;

559 1907 658 1966 ‘Non1
672 1918 716 1967 est
729 1908 757 1966 in
771 1907 881 1966 medico
894 1926 1005 1985 semper
1017 1906 1158 1966 relevetur
1170 1918 1203 1967 ut
1215 1927 1310 1987 egery

577 2004 724 2064 Interdum
737 2003 831 2063 valida
844 2003 908 2082 plns
921 2003 996 2062 valet
1008 2011 1069 2062 arte
1081 2004 1205 2063 molum?

381 2158 427 2223 Et
437 2157 627 2242 subjunxit,
640 2156 718 2221 ‘sed
730 2157 850 2239 etipse
862 2157 1014 2239 portabit
1023 2157 1097 2221 sine
1107 2156 1269 2223 dilatione
1274 2158 1473 2241 judicinm;'

380 2265 416 2323 et
452 2258 637 2340 respiciens
675 2255 816 2321 clericos
855 2256 1140 2321 circumsedentes
1175 2257 1307 2322 addidit
1344 2258 1473 2336 dicens,

287 2423 292 2433 ,
382 2357 504 2434 ‘Ecca
535 2357 636 2421 amici
665 2355 744 2433 mci,
772 2354 855 2438 quid
880 2356 1038 2437 contigit,
1064 2356 1142 2439 plus
1167 2356 1249 2421 feeit
1275 2357 1359 2421 mihi
1382 2379 1472 2422 nunc

380 2455 535 2539 obsequii
549 2464 585 2521 et
600 2456 777 2521 civilitatis
789 2456 855 2519 iste
868 2455 984 2530 abbas,
999 2456 1058 2537 qui
1074 2456 1110 2520 in
1130 2455 1225 2521 nullo
1241 2456 1324 2520 mihi
1337 2464 1475 2522 tenetur

380 2556 565 2638 obligatus,
579 2574 682 2637 quam
698 2573 815 2619 omnes
831 2553 1019 2618 confratres
1036 2562 1072 2620 et
1084 2554 1290 2638 sulii-aganei
1313 2557 1380 2620 mei
1402 2558 1475 2640 epi·

379 2655 475 2738 scopi
488 2654 509 2736 3'
542 2661 754 2738 praeceperat
783 2653 873 2718 enim
902 2654 1009 2718 abbas
1038 2654 1198 2719 recedens
1226 2655 1317 2738 apud
1343 2656 1474 2721 Wood·

380 2753 500 2821 stocke
522 2754 661 2819 cellario
685 2772 760 2829 suo,
788 2760 829 2817 nt
854 2752 1007 2836 quotidie
1030 2754 1142 2837 ipsum
1168 2755 1473 2839 archiepiscopum,

380 2855 441 2938 qui
471 2873 579 2938 prope
608 2860 694 2930 erat,
721 2852 879 2917 munifice
902 2852 1069 2918 visitaret.
1123 2852 1211 2919 Cum
1236 2855 1344 2937 igitur
1366 2857 1472 2920 abbas

381 2955 518 3019 domum
534 2953 705 3018 rediturus
727 2959 860 3036 peteret
873 2951 1165 3036 archiepiscopum
1181 2955 1354 3033 obnixius,
1372 2955 1472 3039 junc-

381 3055 427 3119 tis
444 3054 611 3131 manibus,
626 3060 666 3117 ut
679 3052 878 3134 dignaretur
894 3052 1048 3117 caritatis
1069 3052 1196 3117 intuitu
1210 3053 1348 3118 domum
1361 3056 1471 3119 sancti

381 3152 510 3219 Albani
529 3154 573 3219 ad
596 3152 735 3230 Natale,
755 3150 850 3235 quod
869 3150 1077 3229 imminebat,
1101 3171 1165 3216 suo
1185 3152 1472 3218 desideratissima

381 3253 567 3336 praesentia
582 3252 765 3329 illustrare,
787 3257 822 3315 et
838 3257 954 3314 tenere
973 3250 1098 3316 ibidem
1123 3250 1247 3317 festum
1263 3250 1394 3317 Christi
1411 3273 1472 3317 na·

381 3352 529 3417 tivitatis
551 3358 587 3416 et
606 3349 746 3433 Angliee
767 3350 1039 3433 protomartyris,
1069 3352 1243 3434 respondit
1269 3353 1400 3417 obortis
1424 3352 1472 3417 la-

379 3450 530 3532 chrymis
544 3449 778 3533 archipraesnl,
793 3456 803 3485 ‘
819 3448 850 3513 Ο
865 3468 967 3533 quam
981 3448 1125 3514 libenter
1140 3450 1275 3528 vellem,
1288 3451 1350 3516 sed
1364 3453 1471 3517 multo

379 3549 479 3614 aliter
493 3549 670 3614 definitum
686 3556 759 3629 est3
782 3549 869 3614 vade
885 3549 920 3613 in
936 3568 1032 3631 pace,
1045 3555 1144 3632 pater
1163 3551 1359 3631 carissime;
1385 3553 1473 3616 vade

381 3649 423 3714 ad
455 3648 632 3714 ecclesiam
668 3655 775 3726 tuam,
808 3668 912 3731 qnam
945 3647 1114 3713 Dominus
1147 3659 1350 3731 conservet3
1384 3652 1472 3716 vado

379 3756 495 3814 autem
517 3749 560 3813 od
584 3767 694 3812 meam
716 3747 938 3813 sufficientem
956 3747 1223 3827 excusationem,
1238 3769 1345 3833 quare
1360 3758 1471 3815 tecum

379 3869 447 3914 non
463 3849 573 3914 venio.
625 3847 692 3912 Sed
707 3855 745 3913 tu
763 3848 891 3931 potius,
908 3848 938 3912 si
952 3847 1026 3912 fieri
1040 3855 1167 3930 potest,
1182 3869 1315 3914 mecum
1329 3851 1420 3928 veni,
1433 3859 1473 3914 ut

378 3969 473 4014 meus
505 3950 554 4013 sis
576 3948 734 4025 conviva,
755 3954 792 4012 et
815 3948 851 4011 in
872 3947 1162 4027 tribulationibus,
1181 3949 1306 4032 quibus
1325 3950 1473 4028 abundo,

378 4045 595 4114 consolator)
655 4046 759 4126 Quod
785 4067 862 4111 cum
895 4048 1073 4125 renuisset,
1104 4048 1187 4131 quia
1215 4049 1370 4131 oportuit
1395 4069 1472 4115 eum

378 4149 553 4214 solemniis
572 4166 645 4212 suae
661 4147 824 4212 interesse
844 4146 998 4211 ecclesiae
1020 4147 1056 4211 in
1079 4153 1178 4213 tanta
1198 4146 1398 4227 festivitate,
1416 4169 1472 4213 ac-

377 4256 479 4332 cepta
505 4246 738 4313 benedictione
756 4247 863 4310 abbas
885 4247 1035 4311 recessit.
1085 4246 1116 4311 0
1146 4248 1284 4331 quantis
1313 4248 1473 4313 lamentis

567 4412 576 4446 ¹
588 4415 647 4464 Non
657 4418 696 4463 est
706 4415 733 4463 in
743 4415 841 4464 medico
851 4429 949 4477 semper
959 4414 1084 4464 relevetur
1094 4418 1124 4464 ut
1134 4430 1217 4476 egen

587 4485 716 4534 Interdum
727 4487 796 4534 docto
807 4486 866 4547 plus
877 4486 944 4535 valet
953 4490 1007 4535 arte
1017 4484 1119 4533 malum

967 4554 1044 4605 Ovld.
1056 4554 1122 4616 Epp.
1134 4568 1166 4604 ex
1177 4554 1267 4619 Ponto,
1279 4568 1298 4606 1.
1310 4556 1347 4606 iii.
1361 4560 1400 4605 1⁷.
