3334 5734
583 776 782 827 nnorrouus
802 775 938 826 vauls.
1235 757 1302 824 285

217 907 275 945 HG.
302 907 352 944 ult.
470 911 475 925 ·

205 967 282 1047 272,
319 973 352 1045 8,
364 967 522 1055 promouit
600 963 694 1030 addit
708 962 831 1042 Paria,
847 979 1077 1027 numerosum.
1115 960 1194 1027 Hoc
1207 980 1297 1027 anuo

624 1070 781 1130 mortuus
793 1071 847 1128 est
855 1062 1019 1128 warinus
1036 1061 1163 1126 Basset
1182 1061 1217 1125 in
1240 1062 1301 1126 ob·

625 1164 757 1230 sidione
780 1171 816 1229 et
836 1162 968 1228 insultu
992 1161 1098 1226 castri
1124 1161 1167 1225 de
1190 1160 1301 1226 Kaer·

624 1264 685 1329 drf.

603 1387 716 1455 noctis
732 1387 818 1453 hora
832 1388 880 1452 in.

604 1510 696 1677 affl
711 1510 837 1587 Paris,
854 1510 948 1575 sacto
966 1509 1044 1593 pius
1065 1517 1100 1576 et
1115 1510 1302 1576 sceleratus

691 1631 755 1676 em.

605 1738 733 1822 raptim
747 1734 925 1801 reducunt

605 1859 813 1925 concedente
828 1857 889 1923 sed
905 1856 1027 1922 invito.

458 1977 467 1994 '
607 1982 663 2049 On
686 1982 745 2048 the
766 1981 900 2064 margin
922 1980 964 2046 oi
978 1979 1022 2046 B.
1038 1980 1069 2045 is
1085 1979 1221 2046 written
1245 1979 1304 2046 tbe

629 2081 806 2164 following
820 2080 947 2158 rubrio,
956 2085 967 2115 ‘
977 2080 1033 2146 De
1049 2079 1150 2145 factis
1161 2080 1217 2147 vel
1230 2080 1302 2146 dic·

631 2182 676 2247 tis
705 2181 815 2266 ipsius
849 2179 986 2245 comitis
1016 2199 1085 2245 non
1116 2187 1170 2245 est
1201 2180 1302 2246 modo

630 2281 776 2346 multum
790 2277 994 2359 curandnm3
1010 2278 1196 2363 aliqnando
1211 2280 1302 2345 enim

631 2380 699 2446 Dei
720 2380 773 2445 ira
788 2388 825 2444 et
839 2378 1050 2444 occultorum
1072 2378 1159 2443 ultio
1176 2399 1305 2445 memo·

632 2483 717 2546 rium
734 2478 886 2545 omnium
900 2486 1074 2562 gestorum
1091 2498 1229 2544 suornm
1242 2498 1305 2544 ex-

632 2579 785 2645 sufflavit
807 2597 885 2642 curu
907 2577 980 2669 yita
1007 2578 1213 2659 multorum
1244 2580 1305 2644 sed
1418 2567 1421 2572 ’

633 2680 714 2765 qnia
739 2687 822 2743 tunc
839 2676 1052 2754 credebatur,
1070 2696 1148 2742 cum
1162 2679 1305 2757 viveret,

632 2779 724 2864 qnod
754 2776 894 2860 aliquod
927 2776 1069 2840 arduum
1097 2783 1133 2841 et
1164 2777 1305 2861 dignum

632 2877 796 2945 memoria
822 2876 865 2940 de
891 2895 933 2940 eo
963 2874 1076 2940 fuerat
1108 2875 1306 2954 affuturum,

631 2977 766 3063 plenius
784 2975 893 3059 ipsius
916 2981 1016 3057 gesta
1034 2974 1305 3059 explicavimus!

631 3078 745 3143 There
760 3076 790 3140 is
805 3073 887 3138 theu
908 3073 1018 3139 added
1039 3073 1098 3139 the
1119 3083 1210 3154 note,
1224 3082 1235 3112 ‘
1248 3077 1283 3144 N
1286 3098 1305 3142 e

632 3196 731 3244 cures
747 3174 938 3258 usquehuc
956 3165 1090 3267 >ll-lt:
1107 3193 1129 3238 a
1143 3176 1221 3259 sign
1234 3197 1307 3242 cor-

633 3275 842 3360 responding
857 3272 939 3338 witb
963 3292 1028 3338 one
1049 3282 1087 3340 at
1106 3275 1165 3341 the
1186 3276 1252 3341 end
1272 3277 1313 3342 os

635 3377 692 3443 the
709 3373 889 3441 marshal's
905 3372 1049 3457 history.

214 3499 512 3586 276,1s‚0po00ps
611 3501 700 3567 aaa.

214 3669 264 3681 -
310 3629 365 3705 18,
382 3643 457 3710 quot
474 3670 482 3685 .
501 3669 507 3683 ·
528 3668 564 3685 ··
615 3626 662 3692 Et
682 3625 760 3691 aliae
783 3623 989 3691 favorabiles
1007 3643 1175 3707 personae,
1190 3632 1310 3709 utpote

380 3720 563 3788 Pectore
639 3726 779 3792 Fratres
803 3722 1053 3789 Praedicatores
1081 3731 1118 3788 et
1143 3723 1309 3804 Minores,

382 3816 569 3888 eoemdot
636 3845 723 3910 qnos
737 3843 800 3888 rex
819 3823 923 3889 solito
942 3821 1171 3887 venerabatur
1191 3830 1226 3888 et
1247 3843 1309 3890 cx·

637 3924 782 4001 audivit,
798 3942 876 3988 euru
890 3921 1056 3986 attentius
1073 3920 1311 4002 hortabantur,

638 4032 679 4090 nt
702 4025 778 4108 ipse
805 4021 921 4087 debita
947 4018 1128 4085 dilectione
1160 4020 1311 4088 homines

638 4142 721 4188 snos
742 4120 917 4187 naturales
938 4118 1091 4184 studeret
1111 4120 1313 4205 amplexari,

639 4241 727 4306 qnos
741 4223 870 4304 absque
878 4218 1010 4303 jndicio
1026 4218 1158 4301 parium
1172 4238 1312 4287 suorum

640 4326 801 4403 coegerat
841 4317 981 4385 exulare
1014 4322 1182 4396 extorres,
1214 4320 1316 4387 villas

641 4439 757 4485 eorum
772 4425 995 4494 cremaverat,
1012 4416 1129 4499 sylvus
1146 4425 1180 4482 et
1198 4438 1314 4502 poma·

642 4520 694 4584 ria
719 4517 922 4596 succiderat,
948 4522 984 4580 et
1004 4523 1130 4599 stagna
1154 4516 1316 4586 destrux·
