3334 5734
563 753 761 803 nuurrouus
786 755 919 806 vnuru.
1240 741 1283 805 11

199 877 257 917 Pau.
296 878 347 915 ult.

200 942 256 1017 22,
314 944 347 1015 8,
362 939 399 1004 do
419 938 546 1005 arbiter
593 959 694 1024 quem
716 959 856 1005 censum
877 942 988 1019 urbes,
1012 942 1164 1019 castella,
1179 942 1284 1020 villas,
1353 988 1356 995 -

344 1039 544 1106 ...redderent
613 1039 875 1203 gierigntflumiua,
899 1040 1053 1125 paludes,
1075 1042 1183 1125 sylva
1206 1040 1284 1106 red·

200 1294 251 1307 -
294 1261 348 1336 20,
362 1259 449 1345 cujru
591 1261 627 1325 in
642 1262 741 1345 cujus
756 1261 884 1327 sedem.

200 1419 251 1430 —
295 1386 346 1461 21,
375 1385 411 1448 in
451 1384 547 1449 uriom
591 1383 709 1450 darm

350 1483 545 1569 apostolicam

201 1643 252 1653 -
295 1609 346 1684 25,
358 1608 544 1672 ordinarit..
593 1607 823 1672 ordinaverat.
884 1606 943 1671 Ilii
1059 1609 1283 1674 reclamantes

351 1716 546 1773 ...esrom
615 1707 824 1771 asserebant.

202 1848 254 1924 23,
314 1849 345 1924 8,
364 1846 402 1910 dc
427 1844 546 1932 quibua
594 1845 638 1909 ab
659 1844 815 1909 omuibus
832 1846 1036 1929 promiscue,
1058 1845 1132 1911 sive
1153 1866 1215 1930 per
1230 1846 1283 1911 fas

615 1943 888 2028 aivepernefas.

198 2425 250 2439 -
293 2392 345 2468 22,
359 2391 544 2476 quiremus
594 2380 809 2448 Cervumvel
823 2383 1019 2465 capreolum
1030 2383 1179 2467 capienti
1191 2385 1283 2450 oculi

350 2537 383 2554 ..
404 2512 543 2555 ..mn
614 2483 831 2560 eruebantur,
852 2500 916 2546 nec
934 2481 999 2547 tuit
1015 2484 1074 2566 qui
1092 2482 1146 2547 his
1166 2502 1204 2549 se
1222 2505 1282 2568 op-

347 2599 485 2654 marum
613 2589 755 2663 poneret
770 2581 916 2663 legibus.

198 2763 249 2773 —
292 2729 344 2805 25,
358 2729 505 2812 Nesactio
592 2719 752 2803 Denique
760 2718 923 2784 nefando.

355 2849 486 2912 ΡΜ

199 2988 250 2998 -
293 2953 344 3029 28,
359 2972 441 3016 nanc
590 2939 679 3004 Μ·

198 3108 249 3118 -
291 3107 335 3120 ·-
358 3094 441 3137 omm
591 3063 638 3128 id.

198 3229 249 3239 —
292 3193 344 3269 29,
364 3191 544 3256 ὀίεαινηιπι
592 3187 830 3251 discurrerent.

201 3315 252 3391 24,
315 3315 347 3391 9,
365 3324 432 3380 erut
591 3310 739 3376 illidata
752 3319 852 3376 emet.

198 3473 249 3483 —
293 3437 423 3523 lagiae
591 3442 705 3500 tamen
721 3435 808 3520 ejus.

199 3596 249 3607 -
293 3562 343 3638 16,
361 3572 528 3647 pararunt·
590 3566 846 3644 peractumque.

199 3816 250 3829 -
293 3682 543 3868 iuquam
591 3780 727 3864 quidem
746 3779 924 3865 Remigius
938 3734 1082 3848 statura.

351 3890 424 3946 tm

200 4043 250 4055 -
294 4005 344 4080 19,
367 4003 505 4089 oporibus
591 4024 659 4070 nou
676 4004 844 4087 operibus.

367 4103 486 4169 staca

199 4260 250 4271 —
294 4226 345 4301 20,
356 4224 481 4311 quidam
484 4226 545 4309 fc·
591 4227 741 4293 famulus
755 4245 849 4292 suus.

355 4323 457 4389 malcas
469 4325 533 4410 ejas

200 4484 251 4494 —
294 4448 546 4527 23,Hoeauctoro
593 4444 672 4510 Hoc
687 4452 801 4510 autem
816 4452 966 4511 auctore.
