3334 5734
387 767 451 833 lus
752 781 949 832 nncrrouus
973 781 1104 831 varein.

393 965 615 1041 Francorum,
635 963 774 1046 quasia
790 964 940 1030 Domino
959 964 1097 1041 missus,
1117 963 1319 1030 cantissabat
1345 960 1470 1026 Gallice

392 1062 610 1139 modulando,
639 1063 818 1128 ‘Domine
851 1064 938 1129 Jesu
973 1063 1119 1139 Christe,
1158 1082 1293 1127 crucem
1324 1070 1471 1126 sanctam

393 1163 491 1227 nobis
517 1162 682 1243 restitne,'
712 1162 838 1228 additis
861 1162 978 1228 multis
1012 1163 1089 1228 aliis
1121 1161 1385 1246 adjectionibus.
1432 1161 1473 1224 Et

393 1281 470 1328 cum
499 1262 543 1325 ab
572 1260 649 1325 aliis
675 1261 790 1345 pueris
818 1262 1003 1327 coaetaneis
1032 1262 1204 1327 videretur
1233 1269 1270 1325 et
1294 1260 1472 1336 audiretur,

393 1362 625 1445 sequebantur
655 1379 732 1425 eum
767 1361 905 1438 infiniti,
931 1361 990 1445 qui
1022 1362 1198 1445 praestigio
1230 1360 1398 1424 diabolico
1421 1379 1474 1441 pe-

394 1462 488 1525 nitus
525 1459 699 1538 infatuati,
729 1461 859 1526 relictis
890 1462 1045 1544 patribus
1075 1469 1111 1526 et
1136 1460 1314 1536 matribus,
1341 1458 1474 1522 nutrici·

393 1561 458 1624 bus
488 1567 523 1624 et
541 1560 660 1624 amicis
682 1561 862 1638 universis,
889 1568 1069 1626 cantantes
1092 1559 1193 1624 modo
1219 1558 1474 1639 consimilique

395 1678 513 1724 eorum
549 1658 712 1723 cantabat
747 1660 983 1743 paedagogus3
1018 1680 1081 1724 nec
1116 1678 1176 1723 eos
1208 1665 1357 1741 poterat,
1390 1656 1474 1740 qnod

395 1758 517 1822 mirum
541 1765 595 1822 est
617 1757 724 1835 dictu,
741 1758 796 1823 vel
823 1777 901 1823 sera
926 1759 1087 1835 retinere,
1113 1758 1170 1823 vel
1196 1764 1379 1841 parentum
1408 1775 1477 1839 per-

396 1858 512 1922 suasio
536 1876 709 1934 revocare,
734 1858 817 1941 quin
835 1878 935 1922 sunm
958 1859 1161 1941 magdstrnm
1186 1864 1412 1921 memoratum
1432 1873 1477 1917 se

396 1963 582 2040 querentur
604 1974 724 2020 versus
751 1975 845 2021 mare
868 1956 1168 2034 Mediterraneum,
1189 1955 1282 2040 quod
1311 1954 1479 2039 trajicien-

396 2064 450 2121 tes
486 2055 784 2139 processionaliter
816 2064 853 2120 et
886 2058 1063 2120 turmatim
1099 2054 1307 2120 modulando
1345 2072 1481 2137 progre-

395 2155 586 2220 diebantur.
645 2154 726 2219 Non
753 2156 845 2220 enirn
871 2163 1007 2238 poterat
1036 2156 1153 2238 aliqua
1182 2155 1305 2219 civitas
1330 2173 1391 2218 eos
1412 2171 1479 2235 pra

397 2253 616 2318 multitudine
627 2253 702 2337 jam
716 2255 1011 2338 comprehendere.
1054 2255 1226 2337 Magister
1240 2261 1357 2318 autem
1368 2271 1479 2316 eornm

397 2354 432 2417 in
453 2372 555 2417 curru
577 2353 768 2435 ponebatur
786 2353 888 2437 pallis
912 2354 1091 2431 adornato,
1115 2355 1265 2437 stipatus
1286 2352 1480 2417 custodibus

396 2452 754 2534 circumstrepentibus
786 2462 822 2519 et
855 2455 1008 2520 armatis.
1059 2455 1195 2520 Tantus
1220 2460 1336 2517 autem
1369 2471 1480 2515 eornm

399 2558 474 2616 erat
497 2569 671 2628 numerus,
698 2559 738 2617 ut
764 2572 802 2617 se
833 2553 980 2617 invicem
1006 2572 1078 2636 prae
1107 2554 1213 2617 nimia
1239 2552 1479 2616 numerositate

398 2651 667 2733 comprimerent.
718 2651 866 2717 Beatum
879 2654 969 2717 enim
983 2672 1021 2717 se
1037 2652 1231 2736 reputabat,
1247 2651 1309 2734 qni
1325 2650 1369 2715 de
1383 2651 1479 2714 vesti·

398 2751 463 2814 bus
477 2750 550 2814 suis
566 2749 625 2814 fila
641 2750 697 2814 vel
713 2752 801 2834 pilos
820 2750 1010 2835 discerptos
1030 2759 1167 2835 poterat
1180 2758 1369 2834 reportare.
1417 2748 1478 2812 Sed

399 2849 548 2928 tandem,
574 2850 716 2932 antiquo
739 2851 925 2934 impostore
949 2850 1102 2916 Sathana
1121 2850 1353 2928 machinante,
1369 2848 1423 2914 rel
1446 2850 1478 2912 in

400 2956 493 3014 terra
507 2948 563 3013 vel
579 2948 616 3013 in
633 2950 719 3013 mari
734 2952 909 3032 perierunt
922 2952 1082 3016 universi.

684 3113 734 3177 ns
746 3122 841 3178 mom
857 3094 1011 3199 caussas
1017 3114 1087 3198 first
1103 3115 1204 3179 Pas.

451 3243 554 3309 Anno
583 3263 666 3309 vero
690 3244 755 3308 sub
778 3245 896 3309 eodem
921 3243 1108 3310 Gausridus
1127 3245 1218 3310 filins
1244 3243 1355 3323 Petri,
1383 3247 1480 3310 totius

400 3341 538 3425 Angliae
550 3344 772 3428 justitiarius,
789 3344 843 3409 vir
857 3364 994 3427 mmm
1012 3346 1194 3428 potestatis
1207 3353 1242 3411 et
1257 3346 1481 3421 auctoritatis,

401 3443 437 3506 in
456 3443 643 3506 maximum
666 3443 764 3525 regni
788 3443 1026 3509 detrimentum
1050 3445 1139 3510 diem
1155 3445 1280 3509 clausit
1296 3452 1481 3510 extremum

402 3540 554 3605 secunda
582 3540 637 3605 die
669 3540 839 3606 Octobris.
907 3543 993 3608 Erat
1019 3553 1134 3610 autern
1166 3544 1361 3608 firmissima
1393 3545 1483 3626 regni

401 3639 571 3718 columna,
587 3646 707 3723 utpote
722 3642 773 3706 vir
788 3661 986 3724 generosus,
1008 3644 1122 3727 legum
1139 3644 1282 3727 peritus,
1305 3643 1481 3719 thesauris,

401 3738 600 3816 redditibus,
611 3746 647 3804 et
660 3741 817 3804 omnibus
833 3741 932 3806 bonis
944 3743 1167 3821 instauratus,
1181 3743 1337 3808 omnibus
1351 3740 1483 3825 Anglia

402 3839 619 3922 magnatibus
648 3839 815 3921 sanguine
841 3840 896 3905 vel
921 3843 1073 3908 amicitia
1097 3841 1369 3921 confoederatus3
1400 3841 1484 3905 unde

401 3958 464 4003 rex
480 3939 592 4023 ipsum
609 3958 681 4022 prae
695 3939 852 4003 omnibus
869 3942 1070 4007 mortalibus
1084 3944 1158 4007 sine
1178 3941 1361 4006 dilectione
1375 3941 1485 4006 formi-

401 4038 518 4115 dabat,
534 4039 609 4121 ipse
625 4039 714 4104 euim
728 4038 803 4103 lora
817 4040 915 4122 regni
928 4042 1151 4122 gubernabat.
1203 4041 1304 4106 Unde
1321 4051 1402 4125 post
1415 4041 1484 4125 ejus

402 4138 533 4203 obitum
552 4138 646 4202 saeta
670 4146 723 4204 est
740 4136 870 4220 Anglia
888 4141 988 4222 quasi
1010 4142 1046 4205 in
1067 4147 1272 4224 tempestate
1295 4141 1395 4204 navis
1416 4142 1484 4203 sine

402 4236 645 4319 gubernaculo.
711 4236 820 4322 Cujus
856 4242 1072 4323 tempestatis
1118 4240 1253 4304 initium
1294 4239 1360 4304 fuit
1398 4257 1484 4303 mors

401 4334 564 4415 Huberti,
594 4335 852 4429 Qantuariensis
879 4340 1138 4424 archiepiscopi,
1160 4340 1226 4404 viri
1254 4338 1429 4421 magnifici
1453 4345 1485 4401 et

400 4434 533 4517 fidelis3
556 4455 618 4500 nec
641 4446 720 4520 post
740 4446 884 4503 mortem
901 4438 1045 4505 istorum
1061 4440 1204 4504 duorum
1225 4439 1340 4520 potuit
1361 4437 1485 4518 Anglia

399 4536 578 4617 respirare.
603 4534 689 4600 Cum
700 4536 782 4602 dicti
792 4536 888 4603 Petri
904 4559 995 4603 mors
1009 4538 1080 4621 regi
1093 4538 1117 4602 J
1120 4539 1248 4602 obanni
1263 4537 1484 4612 nuntiaretur,
