3334 5734
556 780 757 831 nrorrours
779 781 912 830 vsars.
1227 768 1291 834 147

256 963 338 1028 Hiis
358 964 407 1030 ita
425 963 544 1046 gestis,
560 961 858 1028 victoriosissimus
879 982 941 1028 rex
959 963 1152 1031 Richardns
1165 967 1291 1031 invitu-

254 1065 307 1130 rit
320 1062 364 1130 ad
378 1064 498 1148 apulus
514 1063 642 1127 amicos
662 1081 744 1128 snos
763 1071 799 1128 et
813 1071 988 1129 consortes
1002 1065 1038 1128 in
1053 1064 1214 1131 conflictu
1229 1085 1292 1149 per

254 1172 325 1228 tres
337 1164 410 1229 dias
430 1162 603 1244 fatigatos,
623 1160 816 1245 direxitque
838 1164 1002 1246 epistolas
1016 1164 1187 1230 adomnes
1202 1184 1292 1249 pras·

253 1263 344 1329 latos
361 1262 497 1345 Anglisc
514 1269 554 1326 ut
569 1262 681 1327 Deum
694 1262 937 1344 glorificarent,
954 1265 1084 1346 gratias
1101 1264 1178 1330 Deo
1194 1284 1292 1330 excr-

253 1363 384 1428 citnunr
406 1360 641 1446 persolvendo,
662 1362 721 1444 qui
746 1361 851 1426 talem
873 1382 914 1427 uc
934 1372 1004 1427 tam
1022 1363 1209 1446 gloriosum
1226 1364 1292 1429 sibi

253 1463 422 1528 concessit
449 1459 591 1543 indigno
617 1461 662 1525 ab
689 1460 844 1526 hostibus
868 1462 1077 1545 triumphum
1104 1472 1290 1548 reportare.

253 1560 550 1627 Commilitonibus
566 1567 681 1624 autem
696 1560 848 1644 pretiosa
870 1561 1044 1628 distribuit
1060 1562 1236 1641 donativa,
1252 1572 1291 1628 nt

252 1670 368 1728 essent
391 1667 566 1727 consortes
591 1660 837 1739 retributionis,
862 1662 921 1744 qui
945 1662 1082 1729 suerunt
1107 1663 1291 1748 participes

252 1759 508 1828 tribulationis.'

209 1903 269 1942 PAO.
292 1903 346 1944 uu.

200 1967 278 2044 132,
295 1968 348 2044 21,
362 1966 462 2031 hacto
596 1961 788 2027 devotione.

200 2093 276 2169 133,
313 2095 345 2169 8,
355 2092 524 2177 potuim
594 2087 738 2170 possint.

198 2248 251 2260 -
296 2215 348 2292 14,
363 2212 549 2279 Hisaoliis
595 2210 707 2278 Misso
729 2211 836 2295 igitur
863 2212 1003 2277 adhaec
1028 2212 1133 2279 Petro
1155 2213 1197 2278 de
1225 2213 1290 2279 Ca·

353 2313 549 2379 ...iatm-
615 2330 696 2394 pua,
731 2331 809 2376 cum
847 2331 909 2376 rex
949 2312 1143 2378 Richardus
1180 2315 1289 2379 multu

346 2413 397 2498 pir
417 2413 548 2479 nolucrit
614 2411 863 2477 rationabiliter
894 2412 1086 2499 objiciendo
1123 2413 1289 2498 respond·

349 2514 513 2579 wonomiro
615 2511 718 2592 isset;
738 2512 786 2577 00.
801 2520 829 2577 ot
845 2511 887 2575 B.

199 2641 276 2716 134,
313 2638 474 2724 inrupit
594 2634 751 2699 induciis.

195 2800 249 2811 —
313 2765 346 2839 9,
361 2763 466 2828 arreti
594 2758 816 2824 confessionis
829 2760 1077 2840 sacratissim03
1097 2760 1184 2827 Cast
1194 2763 1237 2827 Ii.

197 2929 248 2941 -
293 2889 345 2965 14,
362 2886 521 2952 madiret
598 2883 649 2949 Oc.
666 2882 733 2947 und
748 2882 789 2946 R.
800 2880 881 2961 add,
893 2887 904 2918 ‘
915 2880 1097 2948 Commota
1118 2893 1200 2950 suut
1224 2887 1289 2969 igi·

617 2990 675 3047 tur
690 2982 822 3047 viscera
847 2983 939 3064 regis
957 2982 1101 3065 piissimi
1125 2983 1288 3050 Richardi

617 3101 661 3145 ex
679 3100 749 3164 quo
772 3080 915 3159 audivit,
936 3081 1027 3164 quod
1048 3101 1110 3147 rex
1136 3084 1287 3150 Franco·

616 3200 692 3245 rum
705 3200 781 3246 sese
793 3181 876 3246 licat
886 3181 1081 3264 compulsus
1095 3182 1288 3249 humiliavit

615 3279 712 3364 pacis
724 3300 881 3364 quaereus
898 3281 1123 3347 diverticula!

195 3444 246 3457 -
292 3411 343 3484 21,
361 3417 482 3494 tmpus
593 3404 760 3470 inducias.

196 3570 248 3580 -
292 3534 347 3610 22,
361 3531 492 3596 lomim
593 3528 739 3593 subditis
770 3530 950 3612 utriusque
976 3531 1068 3612 ragis
1094 3538 1130 3596 et
1157 3550 1287 3596 merca·

367 3640 547 3696 mamare
616 3629 758 3693 toribus.

196 3799 249 3811 -
292 3758 344 3833 24,
353 3756 522 3840 potabmt
593 3752 722 3817 liceret.

196 3917 250 3928 -
293 3882 345 3959 32,
361 3879 472 3945 solidor
598 3877 648 3942 00.
666 3877 734 3941 and
755 3877 798 3942 lt.
817 3877 897 3955 add,
920 3876 992 3942 ‘Et
1012 3885 1093 3942 tunc
1118 3877 1199 3943 facit
1224 3898 1286 3943 rex

616 3976 769 4042 fraudem
807 3976 850 4041 da
884 3976 1026 4041 consilio
1067 3977 1286 4060 iniquorum

617 4077 718 4141 finxit
742 4096 780 4140 se
804 4076 958 4141 amisisse
979 4076 1128 4158 sigillum
1150 4083 1186 4141 et
1205 4076 1287 4142 fecit

616 4174 709 4240 eliud
725 4175 896 4253 fabricari,
910 4182 945 4239 et
955 4174 1079 4258 ubique
1095 4175 1287 4254 acclamari,

616 4274 708 4358 quod
744 4274 877 4357 perdito
910 4274 1024 4357 sigillo
1059 4294 1123 4338 suo
1160 4294 1287 4340 novum

616 4373 753 4449 facerat,
783 4382 819 4438 et
844 4374 1038 4457 quicunque
1063 4373 1167 4439 vellet
1192 4375 1286 4458 prius

615 4492 780 4538 concessa
797 4482 1012 4558 perpetuare,
1028 4472 1072 4538 ad
1089 4493 1217 4539 novum
1240 4476 1287 4539 si·

616 4573 736 4655 gillum
754 4575 896 4652 veniret,
917 4581 953 4637 ct
977 4573 1059 4639 duta
1082 4574 1226 4658 pecnnia
1244 4595 1286 4639 eo

1108 4683 1123 4718 ι
1133 4673 1149 4718 2
