<?xml version="1.0" encoding="UTF-8"?>
<!DOCTYPE html PUBLIC "-//W3C//DTD XHTML 1.0 Transitional//EN"
    "http://www.w3.org/TR/xhtml1/DTD/xhtml1-transitional.dtd">
<html xmlns="http://www.w3.org/1999/xhtml" xml:lang="en" lang="en">
 <head>
  <title>
</title>
<meta http-equiv="Content-Type" content="text/html;charset=utf-8" />
  <meta name='ocr-system' content='tesseract 3.04.00' />
  <meta name='ocr-capabilities' content='ocr_page ocr_carea ocr_par ocr_line ocrx_word'/>
</head>
<body>
  <div class='ocr_page' id='page_1' title='image "appendixadroger01parigoog_0183.png"; bbox 0 0 3334 5734; ppageno 0'>
   <div class='ocr_carea' id='block_1_1' title="bbox 209 781 1299 1168">
    <p class='ocr_par' dir='ltr' id='par_1_1' title="bbox 209 781 1299 1168">
     <span class='ocr_line' id='line_1_1' title="bbox 581 781 1299 849; baseline 0.006 -6"><span class='ocrx_word' id='word_1_1' title='bbox 581 796 779 849; x_wconf 68' lang='lat' dir='ltr'><strong>inarmans</strong></span> <span class='ocrx_word' id='word_1_2' title='bbox 803 798 936 848; x_wconf 74' lang='lat' dir='ltr'><strong>varin.</strong></span> <span class='ocrx_word' id='word_1_3' title='bbox 1235 781 1299 847; x_wconf 72' lang='lat' dir='ltr'><strong>lffl</strong></span> 
     </span>
     <span class='ocr_line' id='line_1_2' title="bbox 220 921 353 957; baseline 0.015 -2"><span class='ocrx_word' id='word_1_4' title='bbox 220 921 276 957; x_wconf 77' lang='lat' dir='ltr'><strong>rto.</strong></span> <span class='ocrx_word' id='word_1_5' title='bbox 300 922 353 957; x_wconf 70' lang='lat' dir='ltr'><strong>us.</strong></span> 
     </span>
     <span class='ocr_line' id='line_1_3' title="bbox 209 982 1296 1059; baseline 0.005 -14"><span class='ocrx_word' id='word_1_6' title='bbox 209 985 285 1059; x_wconf 76' lang='lat'>240,</span> <span class='ocrx_word' id='word_1_7' title='bbox 304 986 354 1059; x_wconf 82' lang='lat'><strong>13,</strong></span> <span class='ocrx_word' id='word_1_8' title='bbox 370 982 525 1047; x_wconf 65' lang='lat' dir='ltr'><strong>muetiset</strong></span> <span class='ocrx_word' id='word_1_9' title='bbox 604 1003 717 1049; x_wconf 86' lang='lat' dir='ltr'><strong>coram</strong></span> <span class='ocrx_word' id='word_1_10' title='bbox 741 986 873 1049; x_wconf 87' lang='lat' dir='ltr'><strong>eunctis</strong></span> <span class='ocrx_word' id='word_1_11' title='bbox 900 985 1093 1050; x_wconf 85' lang='lat' dir='ltr'><strong>astantibus</strong></span> <span class='ocrx_word' id='word_1_12' title='bbox 1119 992 1154 1048; x_wconf 96' lang='lat' dir='ltr'><strong>et</strong></span> <span class='ocrx_word' id='word_1_13' title='bbox 1179 984 1296 1050; x_wconf 87' lang='lat' dir='ltr'><strong>audire</strong></span> 
     </span>
     <span class='ocr_line' id='line_1_4' title="bbox 625 1083 1165 1168; baseline 0 -19"><span class='ocrx_word' id='word_1_14' title='bbox 625 1083 819 1149; x_wconf 84' lang='lat' dir='ltr'><strong>volentibus</strong></span> <span class='ocrx_word' id='word_1_15' title='bbox 836 1084 920 1148; x_wconf 89' lang='lat' dir='ltr'><strong>illud</strong></span> <span class='ocrx_word' id='word_1_16' title='bbox 934 1083 1165 1168; x_wconf 82' lang='lat' dir='ltr'><strong>praedicando.</strong></span> 
     </span>
    </p>
   </div>
   <div class='ocr_carea' id='block_1_2' title="bbox 208 1202 1354 4642">
    <p class='ocr_par' dir='ltr' id='par_1_2' title="bbox 208 1202 1354 4642">
     <span class='ocr_line' id='line_1_5' title="bbox 208 1202 1295 1290; baseline 0.006 -24"><span class='ocrx_word' id='word_1_17' title='bbox 208 1206 282 1279; x_wconf 76' lang='lat'><strong>242,</strong></span> <span class='ocrx_word' id='word_1_18' title='bbox 297 1202 349 1281; x_wconf 79' lang='lat'><strong>27,</strong></span> <span class='ocrx_word' id='word_1_19' title='bbox 365 1205 535 1270; x_wconf 69' lang='lat' dir='ltr'><strong>continetur</strong></span> <span class='ocrx_word' id='word_1_20' title='bbox 581 1253 583 1257; x_wconf 84' lang='lat'><em>-</em></span> <span class='ocrx_word' id='word_1_21' title='bbox 603 1206 805 1271; x_wconf 82' lang='lat' dir='ltr'><strong>continetur.</strong></span> <span class='ocrx_word' id='word_1_22' title='bbox 859 1206 928 1271; x_wconf 86' lang='lat' dir='ltr'><strong>Per</strong></span> <span class='ocrx_word' id='word_1_23' title='bbox 951 1207 1040 1271; x_wconf 91' lang='lat' dir='ltr'><strong>idem</strong></span> <span class='ocrx_word' id='word_1_24' title='bbox 1067 1214 1201 1290; x_wconf 88' lang='lat' dir='ltr'><strong>tempus</strong></span> <span class='ocrx_word' id='word_1_25' title='bbox 1233 1227 1295 1272; x_wconf 84' lang='lat' dir='ltr'><strong>rex</strong></span> 
     </span>
     <span class='ocr_line' id='line_1_6' title="bbox 624 1304 1295 1389; baseline 0.001 -19"><span class='ocrx_word' id='word_1_26' title='bbox 624 1307 702 1389; x_wconf 85' lang='lat' dir='ltr'><strong>oapi</strong></span> <span class='ocrx_word' id='word_1_27' title='bbox 737 1305 819 1370; x_wconf 87' lang='lat' dir='ltr'><strong>fecit</strong></span> <span class='ocrx_word' id='word_1_28' title='bbox 850 1304 1043 1371; x_wconf 83' lang='lat' dir='ltr'><strong>Galfridum</strong></span> <span class='ocrx_word' id='word_1_29' title='bbox 1079 1306 1122 1370; x_wconf 87' lang='lat' dir='ltr'><strong>de</strong></span> <span class='ocrx_word' id='word_1_30' title='bbox 1155 1305 1295 1371; x_wconf 87' lang='lat' dir='ltr'><strong>Norwic</strong></span> 
     </span>
     <span class='ocr_line' id='line_1_7' title="bbox 625 1403 1294 1489; baseline 0.001 -20"><span class='ocrx_word' id='word_1_31' title='bbox 625 1403 785 1470; x_wconf 86' lang='lat' dir='ltr'><strong>clericum</strong></span> <span class='ocrx_word' id='word_1_32' title='bbox 804 1424 905 1469; x_wconf 89' lang='lat' dir='ltr'><strong>suum</strong></span> <span class='ocrx_word' id='word_1_33' title='bbox 927 1405 1071 1483; x_wconf 84' lang='lat' dir='ltr'><strong>fidelem,</strong></span> <span class='ocrx_word' id='word_1_34' title='bbox 1094 1405 1294 1489; x_wconf 75' lang='lat' dir='ltr'>prudentem</span> 
     </span>
     <span class='ocr_line' id='line_1_8' title="bbox 625 1503 1295 1586; baseline 0.003 -18"><span class='ocrx_word' id='word_1_35' title='bbox 625 1512 660 1569; x_wconf 88' lang='lat' dir='ltr'><strong>et</strong></span> <span class='ocrx_word' id='word_1_36' title='bbox 679 1503 883 1586; x_wconf 75' lang='lat' dir='ltr'><strong>elegantem,</strong></span> <span class='ocrx_word' id='word_1_37' title='bbox 907 1511 943 1569; x_wconf 88' lang='lat' dir='ltr'><strong>et</strong></span> <span class='ocrx_word' id='word_1_38' title='bbox 958 1504 994 1569; x_wconf 89' lang='lat' dir='ltr'><strong>in</strong></span> <span class='ocrx_word' id='word_1_39' title='bbox 1018 1513 1131 1569; x_wconf 86' lang='lat' dir='ltr'><strong>castro</strong></span> <span class='ocrx_word' id='word_1_40' title='bbox 1155 1504 1199 1569; x_wconf 87' lang='lat' dir='ltr'><strong>de</strong></span> <span class='ocrx_word' id='word_1_41' title='bbox 1222 1505 1295 1570; x_wconf 91' lang='lat' dir='ltr'><strong>No·</strong></span> 
     </span>
     <span class='ocr_line' id='line_1_9' title="bbox 624 1603 1293 1688; baseline 0 -20"><span class='ocrx_word' id='word_1_42' title='bbox 624 1603 778 1685; x_wconf 78' lang='lat' dir='ltr'><strong>tingham</strong></span> <span class='ocrx_word' id='word_1_43' title='bbox 812 1623 918 1686; x_wconf 85' lang='lat' dir='ltr'><strong>poena</strong></span> <span class='ocrx_word' id='word_1_44' title='bbox 951 1604 1149 1685; x_wconf 80' lang='lat' dir='ltr'><strong>excogitata</strong></span> <span class='ocrx_word' id='word_1_45' title='bbox 1185 1623 1293 1688; x_wconf 89' lang='lat' dir='ltr'><strong>usque</strong></span> 
     </span>
     <span class='ocr_line' id='line_1_10' title="bbox 625 1701 1292 1786; baseline 0.001 -20"><span class='ocrx_word' id='word_1_46' title='bbox 625 1711 767 1768; x_wconf 90' lang='lat' dir='ltr'><strong>mortem</strong></span> <span class='ocrx_word' id='word_1_47' title='bbox 780 1703 942 1786; x_wconf 83' lang='lat' dir='ltr'><strong>torqueri.</strong></span> <span class='ocrx_word' id='word_1_48' title='bbox 978 1701 1080 1782; x_wconf 87' lang='lat' dir='ltr'><strong>Quod</strong></span> <span class='ocrx_word' id='word_1_49' title='bbox 1093 1702 1212 1767; x_wconf 87' lang='lat' dir='ltr'><strong>videns</strong></span> <span class='ocrx_word' id='word_1_50' title='bbox 1220 1722 1292 1768; x_wconf 89' lang='lat' dir='ltr'><strong>ma·</strong></span> 
     </span>
     <span class='ocr_line' id='line_1_11' title="bbox 624 1801 1294 1883; baseline 0 -17"><span class='ocrx_word' id='word_1_51' title='bbox 624 1803 732 1883; x_wconf 75' lang='lat' dir='ltr'><strong>gister</strong></span> <span class='ocrx_word' id='word_1_52' title='bbox 752 1802 946 1867; x_wconf 80' lang='lat' dir='ltr'><strong>willelmus</strong></span> <span class='ocrx_word' id='word_1_53' title='bbox 973 1801 1016 1865; x_wconf 88' lang='lat' dir='ltr'><strong>de</strong></span> <span class='ocrx_word' id='word_1_54' title='bbox 1043 1801 1209 1878; x_wconf 87' lang='lat' dir='ltr'><strong>Neecoto,</strong></span> <span class='ocrx_word' id='word_1_55' title='bbox 1238 1821 1294 1866; x_wconf 90' lang='lat' dir='ltr'><strong>so·</strong></span> 
     </span>
     <span class='ocr_line' id='line_1_12' title="bbox 624 1900 1293 1978; baseline 0.001 -14"><span class='ocrx_word' id='word_1_56' title='bbox 624 1900 697 1964; x_wconf 86' lang='lat' dir='ltr'><strong>eius</strong></span> <span class='ocrx_word' id='word_1_57' title='bbox 713 1901 795 1966; x_wconf 88' lang='lat' dir='ltr'><strong>dicti</strong></span> <span class='ocrx_word' id='word_1_58' title='bbox 813 1900 972 1978; x_wconf 86' lang='lat' dir='ltr'><strong>Galfridi,</strong></span> <span class='ocrx_word' id='word_1_59' title='bbox 991 1902 1045 1964; x_wconf 84' lang='lat' dir='ltr'><strong>vir</strong></span> <span class='ocrx_word' id='word_1_60' title='bbox 1062 1921 1131 1965; x_wconf 90' lang='lat' dir='ltr'><strong>non</strong></span> <span class='ocrx_word' id='word_1_61' title='bbox 1152 1901 1293 1966; x_wconf 87' lang='lat' dir='ltr'><strong>minoris</strong></span> 
     </span>
     <span class='ocr_line' id='line_1_13' title="bbox 623 1999 1292 2084; baseline 0.001 -20"><span class='ocrx_word' id='word_1_62' title='bbox 623 1999 761 2078; x_wconf 83' lang='lat' dir='ltr'><strong>valoris,</strong></span> <span class='ocrx_word' id='word_1_63' title='bbox 783 1999 873 2082; x_wconf 82' lang='lat' dir='ltr'><strong>fugit</strong></span> <span class='ocrx_word' id='word_1_64' title='bbox 895 2002 930 2064; x_wconf 94' lang='lat' dir='ltr'><strong>in</strong></span> <span class='ocrx_word' id='word_1_65' title='bbox 955 2000 1136 2064; x_wconf 88' lang='lat' dir='ltr'><strong>Franciam</strong></span> <span class='ocrx_word' id='word_1_66' title='bbox 1152 2007 1188 2064; x_wconf 92' lang='lat' dir='ltr'><strong>et</strong></span> <span class='ocrx_word' id='word_1_67' title='bbox 1200 2000 1292 2084; x_wconf 86' lang='lat' dir='ltr'><strong>apud</strong></span> 
     </span>
     <span class='ocr_line' id='line_1_14' title="bbox 625 2098 1293 2175; baseline -0.001 -11"><span class='ocrx_word' id='word_1_68' title='bbox 625 2098 821 2164; x_wconf 87' lang='lat' dir='ltr'><strong>Curbolium</strong></span> <span class='ocrx_word' id='word_1_69' title='bbox 855 2100 912 2164; x_wconf 89' lang='lat' dir='ltr'><strong>diu</strong></span> <span class='ocrx_word' id='word_1_70' title='bbox 942 2099 1104 2175; x_wconf 81' lang='lat' dir='ltr'><strong>latitavit,</strong></span> <span class='ocrx_word' id='word_1_71' title='bbox 1130 2118 1174 2163; x_wconf 92' lang='lat' dir='ltr'><strong>ne</strong></span> <span class='ocrx_word' id='word_1_72' title='bbox 1202 2101 1293 2164; x_wconf 89' lang='lat' dir='ltr'><strong>sicut</strong></span> 
     </span>
     <span class='ocr_line' id='line_1_15' title="bbox 624 2196 1293 2282; baseline -0.001 -19"><span class='ocrx_word' id='word_1_73' title='bbox 624 2196 799 2263; x_wconf 89' lang='lat' dir='ltr'><strong>Galfridus</strong></span> <span class='ocrx_word' id='word_1_74' title='bbox 810 2198 978 2263; x_wconf 87' lang='lat' dir='ltr'><strong>immerito</strong></span> <span class='ocrx_word' id='word_1_75' title='bbox 990 2205 1177 2263; x_wconf 88' lang='lat' dir='ltr'><strong>necaretur.</strong></span> <span class='ocrx_word' id='word_1_76' title='bbox 1209 2197 1293 2282; x_wconf 88' lang='lat' dir='ltr'><strong>Ipso</strong></span> 
     </span>
     <span class='ocr_line' id='line_1_16' title="bbox 623 2297 1292 2380; baseline 0.001 -19"><span class='ocrx_word' id='word_1_77' title='bbox 623 2297 740 2362; x_wconf 85' lang='lat' dir='ltr'><strong>eodem</strong></span> <span class='ocrx_word' id='word_1_78' title='bbox 767 2304 918 2380; x_wconf 86' lang='lat' dir='ltr'><strong>tempore</strong></span> <span class='ocrx_word' id='word_1_79' title='bbox 944 2316 1006 2361; x_wconf 85' lang='lat' dir='ltr'><strong>rex</strong></span> <span class='ocrx_word' id='word_1_80' title='bbox 1025 2297 1202 2362; x_wconf 72' lang='lat' dir='ltr'><strong>lohannes</strong></span> <span class='ocrx_word' id='word_1_81' title='bbox 1221 2298 1292 2362; x_wconf 85' lang='lat' dir='ltr'><strong>fae·</strong></span> 
     </span>
     <span class='ocr_line' id='line_1_17' title="bbox 623 2395 1292 2481; baseline 0.001 -21"><span class='ocrx_word' id='word_1_82' title='bbox 623 2404 680 2461; x_wconf 89' lang='lat' dir='ltr'><strong>tus</strong></span> <span class='ocrx_word' id='word_1_83' title='bbox 696 2395 739 2460; x_wconf 89' lang='lat' dir='ltr'><strong>de</strong></span> <span class='ocrx_word' id='word_1_84' title='bbox 752 2416 833 2479; x_wconf 77' lang='lat' dir='ltr'><strong>rege</strong></span> <span class='ocrx_word' id='word_1_85' title='bbox 848 2404 1028 2481; x_wconf 86' lang='lat' dir='ltr'><strong>tyrannus,</strong></span> <span class='ocrx_word' id='word_1_86' title='bbox 1047 2399 1107 2481; x_wconf 89' lang='lat' dir='ltr'><strong>qui</strong></span> <span class='ocrx_word' id='word_1_87' title='bbox 1123 2396 1292 2481; x_wconf 89' lang='lat' dir='ltr'><strong>quendam</strong></span> 
     </span>
     <span class='ocr_line' id='line_1_18' title="bbox 622 2496 1354 2579; baseline 0.001 -21"><span class='ocrx_word' id='word_1_88' title='bbox 622 2497 827 2578; x_wconf 71' lang='lat' dir='ltr'><strong>armigerum</strong></span> <span class='ocrx_word' id='word_1_89' title='bbox 863 2496 1044 2562; x_wconf 83' lang='lat' dir='ltr'><strong>Falconem</strong></span> <span class='ocrx_word' id='word_1_90' title='bbox 1083 2497 1293 2579; x_wconf 85' lang='lat' dir='ltr'><strong>imposuerat</strong></span> <span class='ocrx_word' id='word_1_91' title='bbox 1349 2506 1354 2514; x_wconf 86' lang='lat'>&#39;</span> 
     </span>
     <span class='ocr_line' id='line_1_19' title="bbox 621 2595 1292 2660; baseline 0.003 -2"><span class='ocrx_word' id='word_1_92' title='bbox 621 2595 786 2659; x_wconf 74' lang='lat' dir='ltr'><strong>custodiae</strong></span> <span class='ocrx_word' id='word_1_93' title='bbox 807 2596 943 2660; x_wconf 87' lang='lat' dir='ltr'><strong>cuidam</strong></span> <span class='ocrx_word' id='word_1_94' title='bbox 965 2596 999 2660; x_wconf 93' lang='lat' dir='ltr'><strong>in</strong></span> <span class='ocrx_word' id='word_1_95' title='bbox 1027 2595 1177 2659; x_wconf 89' lang='lat' dir='ltr'><strong>marchia</strong></span> <span class='ocrx_word' id='word_1_96' title='bbox 1193 2595 1292 2660; x_wconf 90' lang='lat' dir='ltr'><strong>Wal-</strong></span> 
     </span>
     <span class='ocr_line' id='line_1_20' title="bbox 621 2693 1292 2772; baseline 0.001 -15"><span class='ocrx_word' id='word_1_97' title='bbox 621 2693 689 2772; x_wconf 81' lang='lat' dir='ltr'><strong>liae,</strong></span> <span class='ocrx_word' id='word_1_98' title='bbox 704 2694 816 2758; x_wconf 87' lang='lat' dir='ltr'><strong>sciens</strong></span> <span class='ocrx_word' id='word_1_99' title='bbox 832 2694 927 2758; x_wconf 91' lang='lat' dir='ltr'><strong>illum</strong></span> <span class='ocrx_word' id='word_1_100' title='bbox 941 2695 1070 2759; x_wconf 88' lang='lat' dir='ltr'><strong>nullum</strong></span> <span class='ocrx_word' id='word_1_101' title='bbox 1089 2694 1220 2758; x_wconf 87' lang='lat' dir='ltr'><strong>facinus</strong></span> <span class='ocrx_word' id='word_1_102' title='bbox 1235 2695 1292 2758; x_wconf 68' lang='lat' dir='ltr'><strong>ao</strong></span> 
     </span>
     <span class='ocr_line' id='line_1_21' title="bbox 620 2792 1291 2876; baseline 0.003 -21"><span class='ocrx_word' id='word_1_103' title='bbox 620 2792 769 2871; x_wconf 87' lang='lat' dir='ltr'><strong>horrere,</strong></span> <span class='ocrx_word' id='word_1_104' title='bbox 786 2795 926 2858; x_wconf 78' lang='lat' dir='ltr'><strong>vocavit</strong></span> <span class='ocrx_word' id='word_1_105' title='bbox 949 2794 1060 2876; x_wconf 86' lang='lat' dir='ltr'><strong>ipsum</strong></span> <span class='ocrx_word' id='word_1_106' title='bbox 1084 2795 1173 2858; x_wconf 90' lang='lat' dir='ltr'><strong>utin</strong></span> <span class='ocrx_word' id='word_1_107' title='bbox 1191 2793 1291 2857; x_wconf 90' lang='lat' dir='ltr'><strong>baro·</strong></span> 
     </span>
     <span class='ocr_line' id='line_1_22' title="bbox 621 2891 1292 2974; baseline -0.001 -18"><span class='ocrx_word' id='word_1_108' title='bbox 621 2912 682 2956; x_wconf 87' lang='lat' dir='ltr'><strong>nes</strong></span> <span class='ocrx_word' id='word_1_109' title='bbox 698 2891 933 2959; x_wconf 85' lang='lat' dir='ltr'><strong>baccharetur.</strong></span> <span class='ocrx_word' id='word_1_110' title='bbox 978 2893 1064 2956; x_wconf 84' lang='lat' dir='ltr'><strong>Erat</strong></span> <span class='ocrx_word' id='word_1_111' title='bbox 1079 2898 1192 2956; x_wconf 88' lang='lat' dir='ltr'><strong>autem</strong></span> <span class='ocrx_word' id='word_1_112' title='bbox 1211 2911 1292 2974; x_wconf 88' lang='lat' dir='ltr'><strong>rup-</strong></span> 
     </span>
     <span class='ocr_line' id='line_1_23' title="bbox 622 2991 1292 3073; baseline 0 -18"><span class='ocrx_word' id='word_1_113' title='bbox 622 2992 729 3056; x_wconf 89' lang='lat' dir='ltr'><strong>tarius</strong></span> <span class='ocrx_word' id='word_1_114' title='bbox 740 2992 979 3073; x_wconf 84' lang='lat' dir='ltr'><strong>nequissimus,</strong></span> <span class='ocrx_word' id='word_1_115' title='bbox 990 2991 1142 3055; x_wconf 88' lang='lat' dir='ltr'><strong>Neuster</strong></span> <span class='ocrx_word' id='word_1_116' title='bbox 1154 2991 1292 3055; x_wconf 89' lang='lat' dir='ltr'><strong>natione</strong></span> 
     </span>
     <span class='ocr_line' id='line_1_24' title="bbox 621 3089 1291 3172; baseline -0.001 -18"><span class='ocrx_word' id='word_1_117' title='bbox 621 3098 657 3156; x_wconf 87' lang='lat' dir='ltr'><strong>et</strong></span> <span class='ocrx_word' id='word_1_118' title='bbox 669 3091 817 3172; x_wconf 85' lang='lat' dir='ltr'><strong>spurius.</strong></span> <span class='ocrx_word' id='word_1_119' title='bbox 868 3091 936 3154; x_wconf 90' lang='lat' dir='ltr'><strong>Sed</strong></span> <span class='ocrx_word' id='word_1_120' title='bbox 952 3098 988 3154; x_wconf 92' lang='lat' dir='ltr'><strong>et</strong></span> <span class='ocrx_word' id='word_1_121' title='bbox 1001 3091 1075 3172; x_wconf 86' lang='lat' dir='ltr'><strong>ipae</strong></span> <span class='ocrx_word' id='word_1_122' title='bbox 1091 3089 1199 3153; x_wconf 90' lang='lat' dir='ltr'><strong>multo</strong></span> <span class='ocrx_word' id='word_1_123' title='bbox 1215 3109 1291 3153; x_wconf 86' lang='lat' dir='ltr'><strong>eru·</strong></span> 
     </span>
     <span class='ocr_line' id='line_1_25' title="bbox 620 3187 1292 3273; baseline -0.001 -20"><span class='ocrx_word' id='word_1_124' title='bbox 620 3187 730 3254; x_wconf 87' lang='lat' dir='ltr'><strong>delius</strong></span> <span class='ocrx_word' id='word_1_125' title='bbox 746 3208 848 3271; x_wconf 84' lang='lat' dir='ltr'><strong>quam</strong></span> <span class='ocrx_word' id='word_1_126' title='bbox 870 3189 902 3253; x_wconf 93' lang='lat' dir='ltr'><strong>ei</strong></span> <span class='ocrx_word' id='word_1_127' title='bbox 913 3189 1048 3273; x_wconf 89' lang='lat' dir='ltr'><strong>jussum</strong></span> <span class='ocrx_word' id='word_1_128' title='bbox 1065 3189 1131 3253; x_wconf 83' lang='lat' dir='ltr'><strong>fuit</strong></span> <span class='ocrx_word' id='word_1_129' title='bbox 1147 3188 1183 3252; x_wconf 93' lang='lat' dir='ltr'><strong>in</strong></span> <span class='ocrx_word' id='word_1_130' title='bbox 1200 3189 1292 3271; x_wconf 90' lang='lat' dir='ltr'><strong>ipsos</strong></span> 
     </span>
     <span class='ocr_line' id='line_1_26' title="bbox 621 3287 1292 3371; baseline -0.003 -18"><span class='ocrx_word' id='word_1_131' title='bbox 621 3287 1178 3368; x_wconf 79' lang='lat' dir='ltr'><strong>desoevit,sicutdioeturinferius3</strong></span> <span class='ocrx_word' id='word_1_132' title='bbox 1193 3307 1292 3371; x_wconf 85' lang='lat' dir='ltr'><strong>prop-</strong></span> 
     </span>
     <span class='ocr_line' id='line_1_27' title="bbox 620 3387 1291 3471; baseline 0 -19"><span class='ocrx_word' id='word_1_133' title='bbox 620 3396 674 3452; x_wconf 88' lang='lat' dir='ltr'><strong>ter</strong></span> <span class='ocrx_word' id='word_1_134' title='bbox 687 3387 779 3471; x_wconf 90' lang='lat' dir='ltr'><strong>quod</strong></span> <span class='ocrx_word' id='word_1_135' title='bbox 790 3407 855 3452; x_wconf 83' lang='lat' dir='ltr'><strong>rex</strong></span> <span class='ocrx_word' id='word_1_136' title='bbox 870 3387 981 3452; x_wconf 85' lang='lat' dir='ltr'><strong>factus</strong></span> <span class='ocrx_word' id='word_1_137' title='bbox 998 3387 1029 3451; x_wconf 89' lang='lat' dir='ltr'><strong>ei</strong></span> <span class='ocrx_word' id='word_1_138' title='bbox 1046 3387 1215 3471; x_wconf 84' lang='lat' dir='ltr'><strong>propitius</strong></span> <span class='ocrx_word' id='word_1_139' title='bbox 1231 3387 1291 3452; x_wconf 89' lang='lat' dir='ltr'><strong>de·</strong></span> 
     </span>
     <span class='ocr_line' id='line_1_28' title="bbox 619 3485 1293 3569; baseline 0 -18"><span class='ocrx_word' id='word_1_140' title='bbox 619 3487 671 3551; x_wconf 93' lang='lat' dir='ltr'><strong>dit</strong></span> <span class='ocrx_word' id='word_1_141' title='bbox 691 3488 723 3551; x_wconf 89' lang='lat' dir='ltr'><strong>ei</strong></span> <span class='ocrx_word' id='word_1_142' title='bbox 748 3486 895 3550; x_wconf 92' lang='lat' dir='ltr'><strong>nobilem</strong></span> <span class='ocrx_word' id='word_1_143' title='bbox 915 3485 1088 3551; x_wconf 87' lang='lat' dir='ltr'><strong>dominam</strong></span> <span class='ocrx_word' id='word_1_144' title='bbox 1115 3485 1293 3569; x_wconf 79' lang='lat' dir='ltr'><strong>Margare-</strong></span> 
     </span>
     <span class='ocr_line' id='line_1_29' title="bbox 620 3584 1289 3667; baseline 0 -18"><span class='ocrx_word' id='word_1_145' title='bbox 620 3593 692 3649; x_wconf 90' lang='lat' dir='ltr'><strong>tam</strong></span> <span class='ocrx_word' id='word_1_146' title='bbox 707 3585 749 3649; x_wconf 89' lang='lat' dir='ltr'><strong>de</strong></span> <span class='ocrx_word' id='word_1_147' title='bbox 766 3584 931 3667; x_wconf 85' lang='lat' dir='ltr'><strong>Ripariis,</strong></span> <span class='ocrx_word' id='word_1_148' title='bbox 947 3604 1024 3649; x_wconf 86' lang='lat' dir='ltr'><strong>oum</strong></span> <span class='ocrx_word' id='word_1_149' title='bbox 1042 3585 1199 3649; x_wconf 91' lang='lat' dir='ltr'><strong>omnibus</strong></span> <span class='ocrx_word' id='word_1_150' title='bbox 1221 3593 1289 3649; x_wconf 86' lang='lat' dir='ltr'><strong>ter·</strong></span> 
     </span>
     <span class='ocr_line' id='line_1_30' title="bbox 620 3685 1290 3767; baseline 0 -19"><span class='ocrx_word' id='word_1_151' title='bbox 620 3685 667 3748; x_wconf 89' lang='lat' dir='ltr'><strong>ris</strong></span> <span class='ocrx_word' id='word_1_152' title='bbox 680 3703 755 3748; x_wconf 88' lang='lat' dir='ltr'><strong>eam</strong></span> <span class='ocrx_word' id='word_1_153' title='bbox 772 3685 1059 3767; x_wconf 81' lang='lat' dir='ltr'><strong>contingentibus.</strong></span> <span class='ocrx_word' id='word_1_154' title='bbox 1107 3685 1186 3749; x_wconf 87' lang='lat' dir='ltr'><strong>Hoc</strong></span> <span class='ocrx_word' id='word_1_155' title='bbox 1200 3703 1290 3749; x_wconf 89' lang='lat' dir='ltr'><strong>anno</strong></span> 
     </span>
     <span class='ocr_line' id='line_1_31' title="bbox 618 3784 1290 3848; baseline 0.001 -1"><span class='ocrx_word' id='word_1_156' title='bbox 618 3784 797 3848; x_wconf 89' lang='lat' dir='ltr'><strong>combusta</strong></span> <span class='ocrx_word' id='word_1_157' title='bbox 805 3791 859 3848; x_wconf 90' lang='lat' dir='ltr'><strong>est</strong></span> <span class='ocrx_word' id='word_1_158' title='bbox 870 3785 1015 3848; x_wconf 87' lang='lat' dir='ltr'><strong>ecclesia</strong></span> <span class='ocrx_word' id='word_1_159' title='bbox 1024 3791 1154 3848; x_wconf 77' lang='lat' dir='ltr'><strong>sanctae</strong></span> <span class='ocrx_word' id='word_1_160' title='bbox 1169 3784 1290 3848; x_wconf 75' lang='lat' dir='ltr'><strong>Mariae</strong></span> 
     </span>
     <span class='ocr_line' id='line_1_32' title="bbox 619 3881 1291 3964; baseline 0 -18"><span class='ocrx_word' id='word_1_161' title='bbox 619 3881 662 3946; x_wconf 89' lang='lat' dir='ltr'><strong>de</strong></span> <span class='ocrx_word' id='word_1_162' title='bbox 691 3881 829 3946; x_wconf 86' lang='lat' dir='ltr'><strong>Suwere</strong></span> <span class='ocrx_word' id='word_1_163' title='bbox 864 3882 1101 3958; x_wconf 88' lang='lat' dir='ltr'><strong>Londinensis,</strong></span> <span class='ocrx_word' id='word_1_164' title='bbox 1140 3889 1175 3947; x_wconf 88' lang='lat' dir='ltr'><strong>et</strong></span> <span class='ocrx_word' id='word_1_165' title='bbox 1203 3901 1291 3964; x_wconf 85' lang='lat' dir='ltr'><strong>pons</strong></span> 
     </span>
     <span class='ocr_line' id='line_1_33' title="bbox 621 3978 1291 4058; baseline 0.001 -14"><span class='ocrx_word' id='word_1_166' title='bbox 621 3980 847 4045; x_wconf 86' lang='lat' dir='ltr'><strong>Londineusis</strong></span> <span class='ocrx_word' id='word_1_167' title='bbox 858 3983 949 4046; x_wconf 89' lang='lat' dir='ltr'><strong>inter</strong></span> <span class='ocrx_word' id='word_1_168' title='bbox 964 3989 1034 4046; x_wconf 88' lang='lat' dir='ltr'><strong>tres</strong></span> <span class='ocrx_word' id='word_1_169' title='bbox 1049 3978 1237 4058; x_wconf 89' lang='lat' dir='ltr'><strong>columnas,</strong></span> <span class='ocrx_word' id='word_1_170' title='bbox 1255 3989 1291 4045; x_wconf 88' lang='lat' dir='ltr'><strong>et</strong></span> 
     </span>
     <span class='ocr_line' id='line_1_34' title="bbox 618 4079 1290 4162; baseline -0.003 -18"><span class='ocrx_word' id='word_1_171' title='bbox 618 4079 751 4162; x_wconf 88' lang='lat' dir='ltr'><strong>capella</strong></span> <span class='ocrx_word' id='word_1_172' title='bbox 765 4079 922 4144; x_wconf 86' lang='lat' dir='ltr'><strong>similiter</strong></span> <span class='ocrx_word' id='word_1_173' title='bbox 936 4099 1039 4162; x_wconf 89' lang='lat' dir='ltr'><strong>super</strong></span> <span class='ocrx_word' id='word_1_174' title='bbox 1052 4088 1204 4162; x_wconf 86' lang='lat' dir='ltr'><strong>pontem,</strong></span> <span class='ocrx_word' id='word_1_175' title='bbox 1213 4099 1290 4143; x_wconf 88' lang='lat' dir='ltr'><strong>eum</strong></span> 
     </span>
     <span class='ocr_line' id='line_1_35' title="bbox 619 4178 1291 4262; baseline 0.001 -20"><span class='ocrx_word' id='word_1_176' title='bbox 619 4198 745 4261; x_wconf 75' lang='lat' dir='ltr'><strong>magna</strong></span> <span class='ocrx_word' id='word_1_177' title='bbox 758 4186 857 4262; x_wconf 87' lang='lat' dir='ltr'><strong>parte</strong></span> <span class='ocrx_word' id='word_1_178' title='bbox 872 4178 1022 4243; x_wconf 87' lang='lat' dir='ltr'><strong>civitatis</strong></span> <span class='ocrx_word' id='word_1_179' title='bbox 1039 4185 1075 4243; x_wconf 89' lang='lat' dir='ltr'><strong>et</strong></span> <span class='ocrx_word' id='word_1_180' title='bbox 1088 4185 1187 4260; x_wconf 85' lang='lat' dir='ltr'><strong>parte</strong></span> <span class='ocrx_word' id='word_1_181' title='bbox 1200 4178 1291 4243; x_wconf 84' lang='lat' dir='ltr'><strong>villae</strong></span> 
     </span>
     <span class='ocr_line' id='line_1_36' title="bbox 617 4277 1291 4360; baseline -0.003 -17"><span class='ocrx_word' id='word_1_182' title='bbox 617 4279 660 4343; x_wconf 89' lang='lat' dir='ltr'><strong>de</strong></span> <span class='ocrx_word' id='word_1_183' title='bbox 681 4278 832 4355; x_wconf 87' lang='lat' dir='ltr'><strong>Snwerc,</strong></span> <span class='ocrx_word' id='word_1_184' title='bbox 854 4278 933 4360; x_wconf 82' lang='lat' dir='ltr'><strong>igne</strong></span> <span class='ocrx_word' id='word_1_185' title='bbox 954 4277 1141 4342; x_wconf 87' lang='lat' dir='ltr'><strong>Tamisiam</strong></span> <span class='ocrx_word' id='word_1_186' title='bbox 1164 4279 1291 4341; x_wconf 89' lang='lat' dir='ltr'><strong>transi·</strong></span> 
     </span>
     <span class='ocr_line' id='line_1_37' title="bbox 619 4374 1289 4460; baseline 0 -19"><span class='ocrx_word' id='word_1_187' title='bbox 619 4378 741 4457; x_wconf 84' lang='lat' dir='ltr'><strong>liante3</strong></span> <span class='ocrx_word' id='word_1_188' title='bbox 771 4378 1013 4460; x_wconf 85' lang='lat' dir='ltr'><strong>perieruntque</strong></span> <span class='ocrx_word' id='word_1_189' title='bbox 1038 4374 1173 4440; x_wconf 89' lang='lat' dir='ltr'><strong>circiter</strong></span> <span class='ocrx_word' id='word_1_190' title='bbox 1197 4377 1289 4441; x_wconf 89' lang='lat' dir='ltr'><strong>mille</strong></span> 
     </span>
     <span class='ocr_line' id='line_1_38' title="bbox 617 4476 1291 4559; baseline 0.003 -20"><span class='ocrx_word' id='word_1_191' title='bbox 617 4476 771 4540; x_wconf 88' lang='lat' dir='ltr'><strong>homines</strong></span> <span class='ocrx_word' id='word_1_192' title='bbox 793 4495 871 4540; x_wconf 86' lang='lat' dir='ltr'><strong>cum</strong></span> <span class='ocrx_word' id='word_1_193' title='bbox 890 4476 1087 4541; x_wconf 88' lang='lat' dir='ltr'><strong>mulieribus</strong></span> <span class='ocrx_word' id='word_1_194' title='bbox 1109 4483 1144 4540; x_wconf 89' lang='lat' dir='ltr'><strong>et</strong></span> <span class='ocrx_word' id='word_1_195' title='bbox 1164 4477 1291 4559; x_wconf 86' lang='lat' dir='ltr'><strong>pueris,</strong></span> 
     </span>
     <span class='ocr_line' id='line_1_39' title="bbox 616 4575 1291 4642; baseline 0.004 -4"><span class='ocrx_word' id='word_1_196' title='bbox 616 4576 652 4638; x_wconf 90' lang='lat' dir='ltr'><strong>in</strong></span> <span class='ocrx_word' id='word_1_197' title='bbox 670 4582 770 4640; x_wconf 87' lang='lat' dir='ltr'><strong>nocte</strong></span> <span class='ocrx_word' id='word_1_198' title='bbox 787 4575 918 4640; x_wconf 91' lang='lat' dir='ltr'><strong>scilicet</strong></span> <span class='ocrx_word' id='word_1_199' title='bbox 928 4575 1163 4641; x_wconf 86' lang='lat' dir='ltr'><strong>translationis</strong></span> <span class='ocrx_word' id='word_1_200' title='bbox 1179 4576 1291 4642; x_wconf 87' lang='lat' dir='ltr'><strong>sancti</strong></span> 
     </span>
    </p>
   </div>
   <div class='ocr_carea' id='block_1_3' title="bbox 618 4673 1187 4817">
    <p class='ocr_par' dir='ltr' id='par_1_3' title="bbox 618 4673 1187 4817">
     <span class='ocr_line' id='line_1_40' title="bbox 618 4673 805 4738; baseline -0.005 -2"><span class='ocrx_word' id='word_1_201' title='bbox 618 4673 805 4738; x_wconf 85' lang='lat' dir='ltr'><strong>Benedicti.</strong></span> 
     </span>
     <span class='ocr_line' id='line_1_41' title="bbox 1135 4774 1187 4817; baseline 0.019 -1"><span class='ocrx_word' id='word_1_202' title='bbox 1135 4782 1153 4816; x_wconf 84' lang='lat' dir='ltr'><strong>u</strong></span> <span class='ocrx_word' id='word_1_203' title='bbox 1172 4774 1187 4817; x_wconf 76' lang='lat'>2</span> 
     </span>
    </p>
   </div>
   <div class='ocr_carea' id='block_1_4' title="bbox 0 0 1672 5734">
    <p class='ocr_par' dir='ltr' id='par_1_4' title="bbox 0 0 1672 5734">
     <span class='ocr_line' id='line_1_42' title="bbox 0 0 1672 5734; baseline 0 3"><span class='ocrx_word' id='word_1_204' title='bbox 0 0 1672 5734; x_wconf 95' lang='lat' dir='ltr'><strong> </strong></span> 
     </span>
    </p>
   </div>
  </div>
 </body>
</html>
