3334 5734
362 772 429 839 232
731 790 930 842 unctiones
952 790 1083 841 vnum

363 914 421 953 Pto.
456 914 507 951 111.

363 976 419 1054 96,
458 975 511 1053 27,
520 977 700 1062 assenarica
759 978 1008 1044 architectoria.

365 1104 419 1178 98,
457 1102 510 1176 19,
525 1099 683 1183 definitam
756 1102 850 1168 addit
879 1102 1004 1181 Paris„
1029 1101 1130 1166 Tunc
1160 1101 1284 1167 claruit
1313 1101 1456 1168 inflictio

778 1201 943 1268 vindictae
966 1202 1000 1267 S.
1018 1201 1139 1282 Pauli3
1164 1202 1344 1267 Fuleasius
1367 1204 1457 1267 anim

778 1302 935 1387 proditor
947 1310 1109 1366 cruentus
1119 1301 1297 1366 eeclesiam
1308 1300 1455 1367 S.Pauli

780 1401 1042 1467 Bedefordensis
1054 1400 1206 1467 diruerat
1220 1400 1265 1465 ad
1280 1403 1334 1466 sui
1349 1403 1453 1467 oasui

779 1509 986 1567 structuram
1004 1508 1041 1566 et
1056 1501 1237 1579 munimen,
1253 1501 1314 1585 qui
1325 1501 1401 1586 jam
1418 1502 1455 1565 in

781 1602 874 1666 beati
890 1600 992 1665 Pauli
1008 1599 1165 1666 custodia
1175 1601 1276 1683 quasi
1291 1601 1457 1666 carcerali

785 1702 976 1766 tenebatur.
1009 1700 1109 1766 Unde
1123 1700 1298 1765 abbatissa
1314 1700 1357 1764 de
1372 1699 1459 1765 Hel·

784 1808 917 1880 nestne‚
950 1800 1092 1865 audiens
1122 1799 1316 1864 Falcasium
1347 1800 1385 1864 in
1412 1801 1457 1867 Β.

784 1899 932 1965 Paulum
945 1900 1153 1978 desaeviisse,
1166 1898 1227 1964 sed
1246 1899 1327 1964 inde
1344 1899 1455 1965 adhue

783 2000 988 2083 impunitum
1012 1999 1130 2078 fuisse,
1156 1998 1282 2064 auferri
1305 1999 1413 2084 jussit
1434 2019 1457 2064 a

782 2118 886 2165 manu
917 2100 1076 2182 imaginis
1105 2099 1143 2165 S.
1170 2097 1271 2162 Pauli
1302 2098 1454 2181 gladium

784 2218 886 2285 quem
917 2200 1067 2276 tenebat,
1097 2207 1132 2263 et
1159 2206 1238 2282 post
1270 2199 1455 2263 vindictam

785 2300 907 2364 merito
922 2297 1274 2365 restitui—Omitted
1290 2298 1327 2361 in
1346 2298 1381 2363 0.

368 2460 420 2476 -
463 2422 516 2500 25,
531 2421 677 2487 Falconi
760 2419 853 2489 adda
878 2420 999 2500 Paris,
1030 2419 1232 2505 Margareta
1256 2420 1388 2487 scilicet
1414 2422 1456 2488 de

786 2522 950 2607 Ripariis.

368 2642 424 2721 99,
483 2645 717 2722 &deamat-ee
763 2645 832 2713 duo
848 2647 961 2714 solidi.

368 2800 421 2817 -
465 2770 518 2846 11,
534 2769 685 2835 enimn
764 2770 856 2836 addit
868 2771 994 2850 Paris,
1012 2772 1139 2838 Eodem
1154 2790 1244 2836 anno
1256 2791 1457 2838 oonseornn·

786 2858 844 2936 tur
856 2872 892 2937 in
913 2871 1104 2956 episcopos,
1126 2871 1291 2955 magister
1303 2870 1455 2938 Alexan

785 2970 848 3034 der
875 2970 918 3036 de
946 2971 1140 3055 Stavensby
1166 2972 1202 3035 in
1231 2970 1457 3050 Cestrensem,

789 3069 911 3136 Romse
927 3089 949 3135 a
969 3071 1106 3137 domino
1122 3090 1214 3155 papa
1232 3072 1393 3137 Honorio
1406 3072 1459 3137 die

788 3168 945 3249 Paschae,
962 3170 1155 3237 Willelmus
1174 3190 1281 3254 nepos
1294 3171 1460 3238 Willelmi

788 3269 918 3335 Bruere
933 3270 1077 3336 senioris
1089 3271 1123 3335 in
1135 3270 1379 3347 Exoniensem,
1390 3270 1459 3336 Ru·

786 3368 936 3453 dulphus
960 3370 1003 3434 de
1033 3369 1170 3436 Neville
1199 3370 1235 3434 in
1263 3369 1457 3435 cicestren-

787 3487 873 3547 sem,
911 3488 933 3534 a
970 3470 1109 3536 domino
1146 3468 1184 3535 S.
1217 3468 1458 3535 cantuariensi

787 3568 1058 3653 archiepiscorum
1081 3570 1152 3654 qui,
1165 3569 1242 3635 dico
1253 3569 1459 3653 Radulphus

788 3665 1026 3747 cicestrensis,
1068 3669 1291 3735 cancellarius
1332 3669 1460 3733 domini

788 3767 892 3849 regis,
921 3769 957 3832 in
987 3769 1105 3834 multis
1144 3777 1265 3853 postea
1300 3769 1459 3853 periculis

789 3866 900 3932 fidelis
920 3878 1085 3951 expertus
1103 3876 1138 3934 et
1154 3867 1337 3952 singularis
1352 3869 1388 3932 in
1410 3887 1461 3932 re-

788 3967 855 4049 giis
876 3968 1034 4050 negotiis,
1051 3969 1209 4034 columna
1226 3967 1362 4033 stabilis
1381 3967 1461 4032 fide-

787 4065 896 4132 litatis
914 4074 950 4132 et
971 4069 1125 4133 veritatis
1146 4067 1222 4133 fuit.
1273 4066 1344 4132 Sub
1369 4067 1460 4132 iilius

787 4167 951 4250 temporis
989 4168 1158 4233 curriculo
1198 4167 1379 4232 Faleasius
1419 4166 1459 4231 de

788 4264 929 4344 Brente,
958 4266 991 4331 N
995 4267 1224 4344 eusteriensis‚
1256 4275 1293 4332 et
1323 4265 1458 4350 spurius

788 4384 831 4429 ex
845 4375 942 4449 parte
953 4368 1073 4431 matris
1084 4374 1188 4452 atque
1198 4365 1392 4439 bastardus,
1402 4365 1458 4448 qui
1495 4381 1511 4443 J

788 4465 823 4526 io
841 4467 901 4530 vili
915 4466 1075 4551 jumento
1095 4467 1282 4532 manticato
1302 4464 1347 4528 ad
1368 4465 1458 4547 regis

788 4565 891 4646 paulo
911 4574 991 4631 ante
1015 4567 1206 4632 clientelam
1225 4563 1457 4641 descenderat,
