3334 5734
381 781 449 849 250
749 797 947 848 usomonss
968 799 1100 850 vaura.

395 925 454 962 PAO.
476 922 529 961 us.

388 988 463 1064 164,
500 982 613 1068 usos·
779 983 869 1050 om.

385 1145 435 1157 -
478 1105 529 1186 27,
545 1107 581 1172 ia
597 1106 659 1172 Dei
779 1109 898 1176 duona

387 1233 458 1313 166,
477 1231 715 1310 nmirum
779 1233 872 1300 addit
902 1233 1024 1312 Paris,
1058 1233 1242 1312 Simonias,
1276 1236 1473 1302 exactiones

802 1332 956 1399 diversas
991 1342 1027 1399 et
1061 1353 1083 1398 a
1123 1335 1249 1401 seculis
1288 1336 1472 1414 inauditas,

802 1434 943 1518 quasin
963 1433 1214 1499 ecclesiasticas
1235 1455 1400 1518 personas
1421 1437 1473 1499 in·

802 1540 979 1598 cessantur
1009 1542 1182 1614 exercent,
1211 1553 1333 1599 usuras
1366 1535 1473 1599 mani·

803 1633 910 1699 festas
923 1642 959 1698 et
973 1632 1146 1716 palliatas,
1163 1633 1288 1717 quibus
1309 1634 1474 1700 hactenm

802 1732 987 1815 incognitis
1002 1739 1113 1797 totum
1127 1732 1290 1796 mnndum
1307 1733 1474 1812 inficiunt,

803 1832 1040 1916 praetermitto.
1090 1832 1270 1897 Sermones
1285 1839 1402 1898 tamen
1419 1853 1473 1897 su·

803 1950 866 2015 per
895 1931 963 1996 mel
986 1929 1146 2009 mellitos,
1169 1939 1206 1998 et
1231 1951 1337 2016 super
1363 1933 1474 1997 oleum

803 2029 965 2109 mollitos,
996 2030 1208 2095 insatiabiles
1242 2032 1474 2114 sanguisuga,

804 2129 956 2194 dicentes
975 2130 1104 2194 curiam
1128 2131 1319 2196 Romanam
1336 2150 1414 2196 esse
1425 2150 1474 2196 ec·

804 2229 956 2307 clesiam,
977 2236 1120 2294 matrem
1140 2237 1291 2294 nostram
1313 2249 1354 2296 ac
1370 2231 1473 2295 nutri·

805 2348 891 2407 cem,
915 2348 993 2394 cum
1012 2328 1060 2393 sit
1081 2329 1177 2393 curia
1191 2337 1388 2414 praetaxata
1404 2349 1472 2394 om·

806 2428 900 2493 nium
923 2427 1089 2493 malorum
1111 2428 1212 2493 radix
1231 2435 1267 2493 et
1282 2430 1392 2513 origo,
1407 2449 1472 2493 non

804 2535 978 2593 maternos
994 2527 1054 2592 sed
1070 2534 1167 2593 actus
1182 2547 1346 2593 exercens
1356 2548 1473 2594 nover-

805 2626 910 2705 cales,
942 2645 988 2690 ex
1019 2628 1167 2710 cognitis
1199 2627 1367 2693 fructibus
1403 2629 1471 2693 suis

805 2734 936 2791 certum
954 2724 1083 2791 iaciens
1106 2733 1353 2809 argumentum.
1405 2728 1472 2793 Re·

805 2824 1032 2890 volvunthsec
1043 2826 1162 2909 inclyti
1172 2827 1316 2891 barones
1325 2827 1472 2911 Angliae,

805 2944 893 3009 quos
906 2944 998 3009 papa
1011 2924 1234 2991 Innocentius
1248 2926 1391 2991 bullatis
1403 2928 1472 2992 lite

804 3024 853 3088 ris
875 3025 1102 3091 communitos
1123 3026 1289 3089 animavit
1304 3033 1345 3090 nt
1365 3026 1402 3090 in
1422 3047 1473 3091 re·

805 3142 885 3206 gem
901 3122 1095 3189 Johannam
1116 3125 1216 3208 qnasi
1237 3124 1392 3190 ecclesiae
1414 3127 1474 3190 ini-

805 3222 931 3287 micum
945 3224 1162 3307 insurgerent
1174 3223 1398 3306 obstinatum
1416 3226 1473 3290 sed

804 3328 988 3405 postquam
998 3324 1181 3389 enormiter
1192 3332 1402 3389 memoratus
1415 3344 1473 3389 rex

805 3429 860 3487 est
874 3421 1087 3500 incurvatus,
1108 3429 1196 3487 etse
1214 3442 1383 3507 suumque
1401 3444 1475 3506 reg·

805 3540 888 3585 num
911 3522 1065 3588 ecclesia
1088 3520 1255 3588 Romam
1271 3522 1367 3587 velut
1383 3523 1474 3589 effoe·

804 3622 955 3685 minatus
972 3621 1193 3705 mancipavit,
1213 3621 1397 3706 pradictus
1415 3642 1474 3707 pa·

804 3738 851 3802 pa
868 3739 1038 3803 proceres,
1056 3741 1143 3805 quos
1157 3721 1252 3805 prius
1265 3722 1431 3787 sustinuit
1441 3730 1475 3787 et

805 3819 1030 3898 excitaverat,
1056 3822 1248 3904 postposito
1272 3820 1390 3885 mundi
1414 3842 1475 3906 pu·

805 3917 888 3982 dore
898 3920 1473 4003 Dominiquetimorc,concnlcavit

804 4019 907 4083 morti
926 4019 1102 4103 expositos
1117 4027 1152 4084 et
1164 4019 1403 4086 miserabiliter
1416 4039 1474 4085 ex·

805 4115 1206 4198 haeredandos,ut,more
1218 4118 1473 4203 Romano,pro·

804 4225 901 4282 torvo
930 4217 1039 4297 hiatu,
1072 4218 1164 4302 quod
1197 4217 1359 4303 pinguius
1391 4226 1472 4296 erat,

804 4315 1032 4400 prohdolor!
1063 4319 1273 4397 absorberet,
1296 4318 1471 4384 etinctum
1512 4378 1514 4382 ,

803 4423 869 4493 est,
907 4415 1012 4501 qnod,
1042 4417 1208 4484 incitante
1241 4417 1472 4483 Romanorum

802 4516 960 4597 aramma,
1015 4517 1173 4601 princeps
1226 4517 1471 4602 provinciarum

802 4615 896 4682 facta
913 4624 967 4681 est
983 4618 1047 4682 sub
1066 4617 1206 4682 tributo.
1259 4617 1348 4682 Ecce
1364 4634 1470 4682 mores
