3334 5734
605 743 801 799 uncriouns
825 754 958 807 vinis.
1264 754 1329 821 193

232 1074 283 1087 —
327 1041 379 1117 30,
396 1046 505 1127 optime
516 1070 581 1114 mu·
627 1058 810 1140 epicoenice
826 1068 1034 1149 prandentes
1051 1081 1085 1139 et
1099 1076 1265 1145 bibentes.

398 1144 491 1210 aiunt

229 1297 281 1311 -
326 1264 380 1338 31,
395 1268 510 1350 optim
524 1320 532 1335 .
545 1320 554 1336 .
569 1322 577 1337 .
625 1275 860 1349 voluntatibus
876 1288 1103 1375 indulgentes.

392 1380 555 1437 cocorum

228 1482 305 1561 334,
345 1489 376 1564 2,
393 1490 549 1559 redieram
620 1496 713 1563 addit
735 1500 861 1583 Paris,
878 1515 918 1572 ut
933 1513 1033 1592 quasi
1053 1534 1128 1581 mus
1155 1538 1177 1582 a
1202 1531 1317 1589 monte

642 1602 856 1680 parturiente
872 1611 1088 1679 nascebatur.

222 1742 276 1755 —
341 1710 576 1785 acardum
621 1720 771 1807 undique
786 1743 1048 1815 congregarent.

221 1866 275 1879 —
340 1832 372 1911 6,
378 1837 560 1918 fundanum
619 1842 800 1913 fundarum
816 1852 1077 1939 flagellantium,
1097 1864 1187 1931 inter
1207 1870 1315 1952 sagit·

390 1939 521 2005 ...aa
641 1946 806 2014 tariornm
823 1961 868 2016 et.

221 2089 272 2102 —
337 2056 571 2135 Qudnam..
617 2079 769 2135 recentes
782 2074 1006 2159 insurgebant
1021 2083 1064 2148 ad
1086 2086 1233 2156 insultus
1257 2112 1311 2159 re-

385 2158 556 2229 lucentem
637 2178 782 2236 novatus
799 2182 838 2239 ut
851 2175 952 2243 inter.

205 2314 270 2377 .—
315 2280 367 2357 14,
384 2285 551 2353 emdalitu.
614 2289 797 2371 ignobilem
836 2301 927 2383 regis
969 2308 1195 2388 tyrannidem,
1231 2333 1309 2398 quae

381 2391 440 2446 tom
455 2388 535 2472 regn
636 2408 704 2455 non
718 2396 815 2461 novit
831 2417 971 2481 parcere
985 2410 1168 2488 superatis.

215 2539 268 2552 —
313 2504 366 2581 15,
383 2509 533 2577 wambo-
612 2517 863 2599 occumberent,
881 2523 983 2591 immo
1005 2540 1180 2598 cruentam
1204 2535 1246 2602 de
1268 2558 1306 2605 se

381 2617 450 2673 rent
632 2613 809 2683 victoriam
819 2622 1060 2708 relinquerent,
1070 2632 1213 2713 animos,
1223 2656 1306 2720 qua·

630 2714 660 2776 si
677 2714 792 2782 leones
809 2720 896 2799 laesi,
916 2724 1141 2795 ferocissimos
1159 2737 1262 2800 nacti.

209 2857 263 2868 —
309 2828 359 2902 19,
375 2830 548 2900 mortaliter
608 2839 776 2909 alacriter.

208 2985 261 2998 -
307 2951 359 3027 20,
378 2974 483 3020 arcere
497 2980 550 3023 oc-
606 2963 765 3033 elacriter
781 2972 989 3055 repulerunt.

378 3052 491 3120 cubant

205 3207 258 3220 -
303 3173 357 3249 36,
374 3175 558 3248 &neccom-
606 3185 769 3254 audacter
783 3193 908 3275 coegit.

365 3277 518 3359 poem

203 3390 281 3466 335,
300 3392 350 3471 17,
366 3398 437 3465 illoc
603 3407 681 3473 illos
720 3411 795 3478 sine
832 3418 1073 3488 misericordia
1102 3428 1295 3494 considera-

624 3506 727 3574 tione.

199 3612 278 3691 336,
295 3617 347 3695 12,
362 3620 524 3704 infirmato
600 3630 693 3696 addit
709 3632 834 3712 Paris„
850 3638 930 3703 Una
951 3639 1081 3706 dierum
1101 3643 1180 3710 dum
1202 3649 1293 3713 obsi·

621 3729 678 3795 dio
695 3734 799 3798 castri
820 3736 991 3802 Rotiensis
1008 3740 1159 3821 duraret,
1177 3766 1239 3810 rex
1256 3759 1291 3814 et

620 3826 804 3895 Savaricus
822 3836 1046 3903 circumibant
1068 3848 1230 3921 castrum,
1252 3855 1291 3911 ut

619 3927 806 3995 infirmiora
820 3933 896 4016 ejus
909 3935 1177 4019 considerarent3
1203 3961 1290 4024 quos

618 4045 695 4091 cum
727 4033 946 4111 cognovisset
975 4036 1112 4115 quidam
1141 4040 1290 4121 optimus

616 4126 898 4194 arcubalistarius
912 4132 1076 4197 Willelmi
1092 4135 1134 4197 de
1149 4134 1288 4202 Albine-

616 4232 665 4299 to,
681 4228 731 4291 ait
745 4227 807 4306 illi,
818 4235 827 4264 ‘
838 4228 979 4295 Placeat
995 4231 1211 4308 tibi,dornine
1228 4237 1287 4315 mi,

615 4331 654 4388 ut
672 4326 825 4390 occidam
851 4349 963 4411 regem
981 4327 1112 4393 hostem
1133 4339 1287 4399 nostrum

613 4425 888 4490 cruentissimum
919 4426 1050 4509 spiculo
1087 4427 1162 4507 hoc,
1193 4433 1287 4514 quod

613 4520 723 4586 liabeo
739 4532 934 4606 promptum
943 4525 970 4590 i'
1009 4524 1074 4588 Cui
1090 4525 1286 4609 ille,‘Non,
1324 4530 1326 4533 ’

1115 4641 1136 4687 o
