3334 5734
570 792 767 840 nacrrouns
790 790 921 840 visin.
1227 774 1293 838 245

206 973 295 1039 sicut
310 975 505 1040 necessitati
518 975 664 1041 viderint
680 975 862 1059 expedire3
886 993 927 1039 eo
949 993 1083 1057 semper
1104 972 1213 1051 salvo,
1237 981 1290 1050 ut,

205 1073 295 1138 sicut
310 1073 439 1139 dictum
454 1082 518 1154 cst,
535 1074 693 1140 denarios
709 1074 763 1140 vel
781 1074 960 1158 pecuniam
976 1093 1044 1138 non
1060 1072 1237 1157 recipiant

583 1239 920 1305 Demodolohoroodi.

256 1376 267 1405 ‘
282 1370 420 1436 Fratres
436 1371 498 1449 illi,
512 1372 635 1456 quibus
646 1372 793 1454 gratiam
809 1371 905 1436 dedit
914 1371 1084 1436 Dominus
1098 1369 1290 1446 laborandi,

206 1468 363 1536 laborent
382 1471 526 1536 fideliter
546 1478 582 1537 et
598 1471 733 1549 devote,
754 1473 804 1536 ita
825 1471 968 1549 scilicet,
985 1477 1025 1534 ut
1039 1469 1181 1534 excluso
1204 1469 1288 1547 otio,

207 1569 329 1634 animm
354 1571 502 1649 inimico,
523 1579 653 1637 sanctae
675 1572 840 1636 orationis
862 1580 898 1635 et
918 1569 1109 1634 devotionis
1131 1569 1289 1652 spiritum

207 1687 276 1732 non
292 1670 508 1752 extinguant,
531 1671 587 1736 eui
610 1670 734 1735 dehent
746 1679 872 1736 caetera
888 1668 1091 1752 temporalia
1105 1668 1289 1734 deservire.

207 1766 263 1831 De
279 1769 432 1834 mercede
445 1789 526 1835 vero
548 1769 686 1847 laboris,
712 1789 774 1854 pro
797 1789 835 1834 se
860 1769 1000 1852 suisque
1021 1767 1194 1847 fratribus,
1218 1787 1291 1833 oor·

207 1867 302 1949 poris
315 1869 505 1933 necessaria
522 1869 700 1954 recipiant,
713 1876 840 1953 praeter
853 1867 1011 1933 denarios
1026 1866 1084 1932 vel
1094 1868 1289 1952 pecuniam3

207 1972 244 2030 et
260 1966 325 2031 hoc
345 1967 530 2047 humiliter,
554 1969 644 2034 sicut
664 1968 761 2034 decet
782 1987 900 2033 servos
923 1966 1001 2046 Dei,
1023 1973 1058 2032 et
1079 1964 1291 2051 paupertatis

206 2066 434 2131 sanctissimae
451 2075 648 2133 sectatores.

493 2233 625 2298 Fratres
639 2233 721 2298 nihil
731 2232 860 2298 holm
868 2234 1006 2319 proprii

256 2362 423 2429 ‘Fratres
450 2363 534 2428 nihil
554 2364 619 2429 sibi
640 2366 871 2448 appropriant,
897 2383 959 2429 nec
981 2364 1131 2445 domum,
1154 2383 1217 2429 noc
1242 2363 1289 2429 lo

207 2479 295 2541 cum,
311 2482 373 2527 nec
390 2462 539 2547 aliquam
556 2483 625 2528 rom
642 2484 652 2545 3
674 2471 709 2528 et
723 2472 886 2547 tanquam
911 2462 1081 2547 peregrini
1098 2472 1133 2528 et
1148 2464 1290 2529 advenae

206 2560 242 2624 in
277 2560 341 2626 hoo
378 2562 506 2642 seculo,
542 2563 579 2627 in
615 2572 818 2648 paupertate
850 2571 886 2628 et
917 2562 1109 2628 humilitate
1140 2563 1290 2628 Domino

206 2658 422 2741 famulantes,
453 2662 581 2727 vadant
610 2683 674 2745 pro
705 2663 921 2746 eleemosyna
946 2662 1162 2727 confidenter.
1215 2661 1290 2725 Nec

207 2766 342 2842 oportet
373 2780 431 2826 eos
464 2762 697 2839 verecundari,
725 2763 807 2845 quia
837 2762 1005 2826 Dominus
1034 2780 1097 2843 pro
1126 2760 1225 2825 nobis
1252 2779 1290 2823 se
1372 2773 1391 2790 ‘²

206 2857 287 2923 iecit
308 2878 489 2944 pauperem
515 2862 552 2925 in
578 2861 642 2926 hoc
669 2861 807 2925 mundo.
861 2860 950 2924 Haec
972 2868 1026 2925 est
1046 2859 1107 2924 illa
1122 2858 1290 2925 celsitudo

206 2957 382 3024 altissimae
403 2962 616 3045 paupertatis
631 2980 709 3043 quae
723 2979 798 3038 vos,
823 2960 1019 3024 carissimos
1041 2958 1164 3023 fratres
1185 2977 1291 3036 moos,

206 3056 358 3123 haerodes
372 3066 409 3124 et
423 3079 521 3142 reges
536 3061 632 3142 regni
647 3060 808 3124 caelorum
826 3058 987 3136 instituit,
1004 3077 1172 3143 pauperos
1189 3058 1290 3123 rebus

205 3156 495 3237 t‘ecit,virtutibus
511 3158 729 3238 sublimavit3
753 3158 826 3223 haec
853 3158 899 3222 sit
920 3156 1033 3241 portio
1058 3165 1186 3234 nostra,
1212 3176 1290 3241 quae

204 3258 360 3340 perducit
386 3259 422 3322 in
444 3266 570 3324 terram
591 3258 798 3338 viventium3
824 3258 892 3335 cui,
916 3256 1127 3321 dilectissimi
1151 3256 1287 3333 fratros,

206 3357 360 3422 totaliter
375 3357 591 3435 inhaerentcs,
607 3356 690 3422 nihil
707 3357 799 3422 aliud
816 3377 879 3441 pro
898 3357 1035 3421 nominc
1052 3355 1190 3421 Domini
1213 3374 1290 3420 nos·

207 3458 250 3521 tri
272 3456 358 3522 Jesu
376 3457 505 3523 Christi
524 3458 560 3522 in
583 3465 782 3541 perpetuum
810 3456 874 3520 sub
898 3456 983 3521 caelo
1011 3455 1136 3521 hahere
1154 3455 1289 3521 valetis.

206 3556 254 3621 Et
269 3557 462 3641 ubicunque
483 3564 565 3623 sunt
581 3565 670 3621 etse
685 3556 875 3622 invenerint
896 3555 1029 3634 fratres,
1051 3555 1234 3622 ostendant
1253 3575 1291 3620 se

206 3655 411 3723 domesticos
425 3657 570 3722 invicem
589 3657 679 3721 inter
697 3676 746 3734 se,
772 3663 807 3720 et
827 3674 945 3721 secure
966 3656 1186 3722 manifestent
1201 3674 1291 3720 unns

207 3755 307 3821 alteri
322 3757 561 3822 necessitatem
578 3775 697 3837 suam;
719 3756 801 3839 quia
817 3755 848 3820 si
863 3763 973 3820 mater
989 3756 1097 3821 nutrit
1119 3761 1155 3820 et
1179 3753 1292 3836 diligit
1346 3804 1351 3813 .

206 3853 314 3919 tilium
340 3875 440 3920 snum
470 3856 655 3935 carnalem,
686 3864 815 3939 quanto
847 3854 1044 3937 diligentius
1078 3854 1180 3919 debet
1213 3853 1291 3934 quis

206 3954 309 4018 etiam
339 3956 470 4021 nutrire
500 3956 641 4021 nahem
672 3975 770 4019 sunm
795 3953 1034 4036 spiritualemt
1085 3952 1132 4016 Et
1160 3951 1191 4013 si
1215 3951 1292 4031 quis

205 4072 322 4118 eornm
347 4054 382 4119 in
411 4055 644 4121 infirmitatem
667 4053 838 4128 ceciderit,
864 4052 923 4116 alii
949 4050 1072 4115 fratres
1096 4049 1222 4114 debent
1242 4048 1294 4112 illi

205 4154 345 4234 servire,
359 4156 450 4221 sicut
463 4155 592 4222 vellent
608 4155 674 4221 sibi
690 4153 820 4219 serviri.

441 4321 491 4384 De
497 4320 681 4407 penitentia
687 4315 851 4404 fratribus
865 4312 1060 4400 hrpooatdo.

255 4453 316 4518 ‘Si
329 4454 407 4536 quis
421 4454 578 4532 fratrum,
593 4452 780 4534 instigante
795 4448 946 4524 inimico,
968 4447 1158 4511 mortaliter
1174 4466 1294 4531 pecca·

206 4552 308 4632 verit,
331 4573 395 4637 pro
409 4553 479 4618 illis
498 4553 648 4638 peccatis
665 4553 708 4617 de
727 4551 850 4634 quibus
873 4547 1065 4612 ordinatum
1089 4545 1193 4613 suerit
1207 4548 1296 4612 inter
1351 4588 1354 4592 -
