3334 5734
370 737 436 801 264
736 754 932 803 nnorrosns
954 756 1084 805 varin.

372 931 499 999 addens
521 932 612 1018 quod
633 952 723 998 nnnc
745 934 867 1000 ultimo
891 934 1016 999 milites
1038 933 1279 1018 stipendiarios
1300 935 1337 999 in
1359 954 1455 1000 suum

373 1032 606 1118 praejudicium
632 1040 667 1097 et
689 1051 877 1115 gravamen
901 1034 1141 1100 retinebamus.
1192 1033 1342 1119 Propter
1369 1036 1458 1119 quod

373 1134 447 1217 ipse
466 1133 611 1218 jubebat
636 1133 791 1198 omnibus
814 1133 980 1199 militibus
1006 1134 1204 1218 peregrinis,
1226 1134 1459 1219 cujuscunque

374 1240 488 1297 essent
503 1233 662 1311 nationis,
678 1233 769 1298 sicut
784 1252 822 1296 se
836 1252 966 1316 suaque
974 1233 1175 1316 diligebant,
1190 1253 1234 1298 ne
1248 1245 1461 1301 remanerent

374 1333 410 1397 iu
426 1339 519 1397 terra
533 1333 577 1397 ab
598 1332 660 1397 illa
680 1332 785 1398 disin
801 1341 927 1413 antea3
953 1334 1155 1418 praecipiens
1172 1335 1289 1399 comiti
1304 1334 1458 1413 Tbornae,

375 1451 476 1515 quem
498 1432 662 1498 ballivum
682 1432 718 1495 in
740 1440 831 1497 terra
848 1432 1038 1516 relinquere
1054 1433 1267 1518 disponebat,
1285 1442 1324 1499 ut
1343 1455 1459 1518 quem-

375 1551 510 1616 cunque
534 1552 579 1597 ex
604 1539 687 1597 tunc
707 1532 877 1597 inveniret
897 1532 1033 1616 puniret
1054 1534 1289 1618 corporaliter,
1310 1534 1397 1599 adeo
1421 1543 1460 1600 ut

376 1631 477 1696 unius
499 1650 602 1716 poena
624 1631 740 1696 multis
760 1630 848 1696 foret
865 1631 909 1695 ad
930 1639 1102 1698 terrorem.
1153 1633 1288 1712 Quibus
1304 1634 1461 1699 omnibns

377 1732 632 1808 consummatis,
648 1729 742 1795 nulla
756 1730 979 1796 excusatione
996 1731 1050 1797 rel
1068 1732 1288 1817 responsione
1311 1733 1462 1799 admissa

377 1831 421 1895 od
442 1850 484 1896 aa
508 1850 587 1914 quae
612 1838 681 1894 tarn
698 1830 923 1912 ignominiose
938 1829 1076 1897 fuerant
1090 1831 1281 1915 divulgata,
1297 1834 1459 1911 recessit;

376 1937 412 1995 et
425 1930 543 1995 statim
558 1930 601 1995 ad
618 1936 736 2014 portas
752 1929 903 1995 civitatis
919 1930 1113 1997 balistarios
1129 1932 1212 2016 poni
1228 1934 1362 2010 statuit,
1376 1953 1463 2016 prae-

377 2030 505 2114 cipiens
534 2029 584 2095 eis
613 2037 652 2094 ut
679 2028 802 2094 fratres
832 2028 969 2112 Templi
996 2032 1090 2096 exire
1118 2033 1367 2115 permitterent,
1394 2052 1462 2097 non

377 2129 518 2195 intrare.
569 2129 726 2212 Denique
753 2135 824 2193 tam
854 2128 1027 2208 ecclesias,
1057 2149 1160 2214 quam
1186 2131 1255 2196 alia
1279 2131 1357 2197 loca
1383 2133 1463 2197 emi·

378 2229 494 2295 nentia
509 2229 671 2306 civitatis,
696 2228 819 2292 muniri
832 2228 939 2313 jussit
964 2230 1161 2309 balistariis,
1184 2238 1219 2296 et
1235 2231 1312 2297 loca
1334 2231 1461 2315 specia-

377 2328 456 2393 liter
479 2347 541 2411 per
567 2346 645 2412 quae
667 2328 711 2392 ad
736 2347 799 2392 nos
822 2326 923 2392 etad
951 2328 1088 2394 domum
1114 2329 1250 2414 Templi
1274 2331 1463 2397 habebatur

377 2445 561 2505 accessus3
588 2426 772 2509 sciatisque
786 2426 879 2509 quod
898 2447 1074 2511 nunquam
1099 2429 1278 2495 Saracenis
1294 2440 1366 2496 tarn
1384 2452 1462 2514 gra·

378 2527 431 2590 ris
447 2527 582 2592 exstitit
598 2534 660 2590 aut
675 2526 829 2604 nocivus,
847 2525 902 2590 vel
921 2536 1042 2593 eontra
1054 2549 1114 2594 eos
1127 2537 1261 2594 tantum
1277 2532 1460 2596 animosus.

379 2624 487 2712 Cujus
504 2645 567 2691 nos
589 2624 801 2690 manifestam
821 2625 987 2691 malitiam
1007 2629 1265 2712 perpendentes,
1282 2637 1354 2695 tam
1378 2651 1461 2715 prae·

378 2726 469 2791 latos
497 2745 599 2809 quam
631 2725 827 2810 peregrinos
856 2725 1016 2791 duximus
1047 2730 1295 2808 convocandos,
1327 2750 1463 2796 excom·

378 2827 590 2890 municantes
607 2844 723 2889 omncs
743 2824 833 2901 illos,
856 2826 915 2907 qui
931 2835 1050 2892 contra
1074 2829 1252 2893 ecclesiam
1270 2829 1325 2895 vel
1340 2830 1460 2895 iratres

379 2925 515 3009 Templi
541 2933 576 2991 et
596 2924 682 2989 alios
707 2931 806 2989 terrae
828 2925 1005 3008 religiosos
1026 2926 1080 2992 rel
1102 2929 1299 3012 peregrinos
1321 2929 1387 3012 ipsi
1402 2931 1462 2994 im·

380 3024 532 3109 peratori
561 3024 739 3090 consilium
765 3025 1000 3107 impenderent
1026 3035 1086 3092 aut
1109 3028 1285 3112 juramen.
1347 3029 1462 3108 Quare

380 3126 491 3207 magis
514 3125 740 3189 intumescens
762 3123 946 3206 imperator
968 3146 1085 3191 ornnes
1107 3127 1268 3193 introitus
1288 3129 1369 3194 fecit
1391 3130 1461 3194 dili·

380 3225 517 3307 gentius
538 3225 713 3302 custodiri,
736 3223 892 3288 inhibens
915 3245 958 3289 ne
987 3225 1030 3289 ad
1057 3246 1132 3305 nos,
1154 3229 1208 3293 vel
1237 3229 1281 3293 ad
1304 3228 1390 3294 illos·
1404 3232 1461 3313 qni

380 3323 556 3389 nobiscnm
581 3332 707 3401 essent,
735 3323 900 3389 victualia
927 3324 1115 3392 deferentes
1140 3330 1461 3412 appropinquarent,

380 3443 510 3506 ponens
530 3423 678 3507 undique
701 3422 897 3489 balistarios
919 3432 954 3489 et
968 3428 1178 3507 sagittarios,
1204 3428 1328 3510 quibus
1348 3449 1411 3495 nos
1427 3438 1460 3494 et

379 3521 503 3587 fratres
526 3522 659 3606 Templi
679 3541 720 3587 ac
744 3524 941 3606 peregrinos
968 3527 1121 3608 graviter
1147 3526 1393 3611 impugnabat;
1417 3537 1461 3607 et,

380 3629 420 3687 ut
440 3622 672 3704 excogitatam
695 3622 862 3687 malitiam
888 3623 1101 3707 adimpleret,
1125 3625 1263 3691 Fratres
1292 3627 1461 3693 Praedica-

380 3731 472 3787 torcs
501 3741 541 3785 ac
571 3721 736 3805 quosdam
769 3721 936 3801 Minores,
966 3725 1025 3808 qui
1054 3725 1090 3789 in
1118 3725 1240 3790 Ramis
1272 3727 1460 3811 palmarum

379 3821 463 3887 locis
488 3823 629 3886 statutis
657 3830 888 3887 convenerant
912 3823 954 3887 ad
980 3825 1233 3908 praedicandum
1260 3829 1365 3892 verba
1392 3828 1458 3893 Do

379 3922 474 4000 mini,
485 3941 546 4005 per
561 3922 728 3988 satellites
740 3941 821 3987 suos
837 3924 910 4005 rapi
928 3922 1008 3988 fecit
1020 3924 1062 3989 de
1083 3925 1225 4009 pulpitis
1239 3927 1321 3991 etin
1338 3935 1458 3992 terram

380 4021 559 4104 prosterni,
581 4022 717 4087 extrahi
742 4030 777 4087 et
803 4022 903 4104 quasi
921 4022 1073 4088 latrones
1093 4044 1154 4108 per
1177 4026 1350 4091 civitatem
1366 4027 1461 4092 insti-

380 4123 466 4203 gari.
518 4121 664 4201 Deinde,
678 4141 756 4186 curn
770 4121 901 4186 rideret
917 4121 1009 4207 quod
1022 4143 1084 4207 per
1100 4123 1298 4208 praedictam
1314 4126 1459 4192 obsidio·

379 4240 456 4285 nem
485 4221 575 4304 quod
607 4221 804 4287 intendebat
837 4242 905 4287 non
936 4222 1113 4300 obtineret,
1145 4223 1227 4290 fecit
1252 4228 1394 4291 tractari
1420 4226 1459 4290 de

380 4340 486 4402 pace3
513 4320 555 4384 ad
573 4322 665 4404 quod
685 4321 932 4404 respondimus,
953 4323 1044 4406 quod
1065 4324 1235 4389 noluimus
1257 4326 1353 4409 pacis
1375 4334 1457 4391 trac·
1543 4377 1547 4381 r
1653 4307 1654 4376 1

380 4427 489 4485 tatnrn
517 4421 695 4487 admittere
722 4421 787 4484 nisi
812 4421 907 4504 prius
932 4424 1055 4488 amotis
1079 4425 1244 4490 custodiis
1270 4425 1458 4491 balistario·

380 4539 454 4583 rum
479 4528 513 4584 et
536 4521 679 4586 aliorum
700 4528 922 4599 armatorum,
948 4522 1072 4589 ablatis
1096 4526 1201 4590 etiam
1220 4526 1318 4591 bonis
1339 4526 1458 4591 nostris
