<?xml version="1.0" encoding="UTF-8"?>
<!DOCTYPE html PUBLIC "-//W3C//DTD XHTML 1.0 Transitional//EN"
    "http://www.w3.org/TR/xhtml1/DTD/xhtml1-transitional.dtd">
<html xmlns="http://www.w3.org/1999/xhtml" xml:lang="en" lang="en">
 <head>
  <title>
</title>
<meta http-equiv="Content-Type" content="text/html;charset=utf-8" />
  <meta name='ocr-system' content='tesseract 3.04.00' />
  <meta name='ocr-capabilities' content='ocr_page ocr_carea ocr_par ocr_line ocrx_word'/>
</head>
<body>
  <div class='ocr_page' id='page_1' title='image "appendixadroger01parigoog_0334.png"; bbox 0 0 3334 5734; ppageno 0'>
   <div class='ocr_carea' id='block_1_1' title="bbox 330 701 1417 1106">
    <p class='ocr_par' dir='ltr' id='par_1_1' title="bbox 330 701 1417 1106">
     <span class='ocr_line' id='line_1_1' title="bbox 331 701 1139 805; baseline 0.002 -3"><span class='ocrx_word' id='word_1_1' title='bbox 331 737 397 802; x_wconf 79' lang='lat'><strong>814</strong></span> <span class='ocrx_word' id='word_1_2' title='bbox 695 753 893 803; x_wconf 71' lang='lat' dir='ltr'><strong>nnonnoune</strong></span> <span class='ocrx_word' id='word_1_3' title='bbox 915 754 1047 805; x_wconf 72' lang='lat' dir='ltr'><strong>vnum.</strong></span> <span class='ocrx_word' id='word_1_4' title='bbox 1135 701 1139 708; x_wconf 19' lang='grc' dir='ltr'>ι</span> 
     </span>
     <span class='ocr_line' id='line_1_2' title="bbox 330 878 1417 1024; baseline -0.004 -19"><span class='ocrx_word' id='word_1_5' title='bbox 330 878 406 1019; x_wconf 57' lang='lat' dir='ltr'><strong>iii,</strong></span> <span class='ocrx_word' id='word_1_6' title='bbox 424 878 478 1019; x_wconf 59' lang='lat' dir='ltr'><strong>ii,</strong></span> <span class='ocrx_word' id='word_1_7' title='bbox 495 939 579 1005; x_wconf 74' lang='lat' dir='ltr'><strong>datie</strong></span> <span class='ocrx_word' id='word_1_8' title='bbox 593 939 678 1007; x_wconf 77' lang='lat' dir='ltr'><strong>millo</strong></span> <span class='ocrx_word' id='word_1_9' title='bbox 723 939 785 1004; x_wconf 80' lang='lat' dir='ltr'><strong>aed</strong></span> <span class='ocrx_word' id='word_1_10' title='bbox 809 939 883 1022; x_wconf 79' lang='lat' dir='ltr'><strong>regi</strong></span> <span class='ocrx_word' id='word_1_11' title='bbox 908 939 1001 1005; x_wconf 89' lang='lat' dir='ltr'><strong>mille</strong></span> <span class='ocrx_word' id='word_1_12' title='bbox 1022 938 1148 1005; x_wconf 78' lang='lat' dir='ltr'><strong>marcia</strong></span> <span class='ocrx_word' id='word_1_13' title='bbox 1178 939 1274 1024; x_wconf 76' lang='lat' dir='ltr'><strong>prino</strong></span> <span class='ocrx_word' id='word_1_14' title='bbox 1299 954 1417 1001; x_wconf 85' lang='lat' dir='ltr'><strong>nnme-</strong></span> 
     </span>
     <span class='ocr_line' id='line_1_3' title="bbox 495 1039 843 1106; baseline 0.003 -1"><span class='ocrx_word' id='word_1_15' title='bbox 495 1039 609 1105; x_wconf 78' lang='lat' dir='ltr'><strong>moroie</strong></span> <span class='ocrx_word' id='word_1_16' title='bbox 746 1039 843 1106; x_wconf 78' lang='lat' dir='ltr'><strong>ratis.</strong></span> 
     </span>
    </p>
   </div>
   <div class='ocr_carea' id='block_1_2' title="bbox 330 1162 1417 2031">
    <p class='ocr_par' dir='ltr' id='par_1_2' title="bbox 330 1162 1417 1468">
     <span class='ocr_line' id='line_1_4' title="bbox 331 1162 1225 1249; baseline 0.002 -23"><span class='ocrx_word' id='word_1_17' title='bbox 331 1203 381 1216; x_wconf 90' lang='lat'><em>-</em></span> <span class='ocrx_word' id='word_1_18' title='bbox 425 1164 475 1241; x_wconf 79' lang='lat'><strong>12,</strong></span> <span class='ocrx_word' id='word_1_19' title='bbox 489 1164 629 1249; x_wconf 60' lang='lat' dir='ltr'><strong>omnam</strong></span> <span class='ocrx_word' id='word_1_20' title='bbox 683 1219 686 1226; x_wconf 93' lang='lat'>.</span> <span class='ocrx_word' id='word_1_21' title='bbox 724 1162 1098 1247; x_wconf 75' lang='lat' dir='ltr'><strong>gratiamjnxtaepem</strong></span> <span class='ocrx_word' id='word_1_22' title='bbox 1115 1182 1225 1228; x_wconf 84' lang='lat' dir='ltr'><strong>snam.</strong></span> 
     </span>
     <span class='ocr_line' id='line_1_5' title="bbox 330 1282 1417 1371; baseline -0.002 -22"><span class='ocrx_word' id='word_1_23' title='bbox 330 1326 380 1339; x_wconf 90' lang='lat'><em>-</em></span> <span class='ocrx_word' id='word_1_24' title='bbox 423 1285 631 1371; x_wconf 73' lang='lat' dir='ltr'><strong>21,appollo-</strong></span> <span class='ocrx_word' id='word_1_25' title='bbox 724 1284 816 1351; x_wconf 71' lang='lat' dir='ltr'><strong>addit</strong></span> <span class='ocrx_word' id='word_1_26' title='bbox 837 1285 961 1364; x_wconf 73' lang='lat' dir='ltr'><strong>Paria,</strong></span> <span class='ocrx_word' id='word_1_27' title='bbox 984 1285 1121 1351; x_wconf 84' lang='lat' dir='ltr'><strong>Collata</strong></span> <span class='ocrx_word' id='word_1_28' title='bbox 1142 1294 1195 1351; x_wconf 78' lang='lat' dir='ltr'><strong>est</strong></span> <span class='ocrx_word' id='word_1_29' title='bbox 1213 1283 1357 1350; x_wconf 84' lang='lat' dir='ltr'><strong>ecclesia</strong></span> <span class='ocrx_word' id='word_1_30' title='bbox 1381 1282 1417 1347; x_wconf 85' lang='lat' dir='ltr'><strong>S.</strong></span> 
     </span>
     <span class='ocr_line' id='line_1_6' title="bbox 494 1383 1416 1468; baseline -0.004 -18"><span class='ocrx_word' id='word_1_31' title='bbox 494 1393 570 1450; x_wconf 73' lang='lat' dir='ltr'><strong>nont</strong></span> <span class='ocrx_word' id='word_1_32' title='bbox 747 1383 879 1449; x_wconf 85' lang='lat' dir='ltr'><strong>Juliani</strong></span> <span class='ocrx_word' id='word_1_33' title='bbox 906 1385 1043 1468; x_wconf 88' lang='lat' dir='ltr'><strong>inipso</strong></span> <span class='ocrx_word' id='word_1_34' title='bbox 1070 1393 1222 1468; x_wconf 85' lang='lat' dir='ltr'><strong>tempore</strong></span> <span class='ocrx_word' id='word_1_35' title='bbox 1251 1384 1416 1466; x_wconf 84' lang='lat' dir='ltr'><strong>magistro</strong></span> 
     </span>
    </p>

    <p class='ocr_par' dir='ltr' id='par_1_3' title="bbox 746 1483 1417 1668">
     <span class='ocr_line' id='line_1_7' title="bbox 748 1483 1417 1565; baseline -0.001 -16"><span class='ocrx_word' id='word_1_36' title='bbox 748 1483 907 1562; x_wconf 88' lang='lat' dir='ltr'><strong>Nioolao,</strong></span> <span class='ocrx_word' id='word_1_37' title='bbox 934 1484 1138 1549; x_wconf 84' lang='lat' dir='ltr'><strong>anctoritate</strong></span> <span class='ocrx_word' id='word_1_38' title='bbox 1162 1484 1291 1549; x_wconf 89' lang='lat' dir='ltr'><strong>domini</strong></span> <span class='ocrx_word' id='word_1_39' title='bbox 1313 1483 1417 1565; x_wconf 74' lang='lat' dir='ltr'><strong>regia,</strong></span> 
     </span>
     <span class='ocr_line' id='line_1_8' title="bbox 746 1584 1252 1668; baseline 0 -20"><span class='ocrx_word' id='word_1_40' title='bbox 746 1602 824 1667; x_wconf 77' lang='lat' dir='ltr'><strong>quae</strong></span> <span class='ocrx_word' id='word_1_41' title='bbox 838 1584 913 1667; x_wconf 85' lang='lat' dir='ltr'><strong>ipso</strong></span> <span class='ocrx_word' id='word_1_42' title='bbox 929 1590 1081 1668; x_wconf 85' lang='lat' dir='ltr'><strong>tempore</strong></span> <span class='ocrx_word' id='word_1_43' title='bbox 1095 1585 1252 1650; x_wconf 82' lang='lat' dir='ltr'><strong>vacabat</strong></span> 
     </span>
    </p>

    <p class='ocr_par' dir='ltr' id='par_1_4' title="bbox 330 1677 788 1785">
     <span class='ocr_line' id='line_1_9' title="bbox 330 1677 788 1785; baseline -0.002 -15"><span class='ocrx_word' id='word_1_44' title='bbox 330 1747 382 1762; x_wconf 91' lang='lat'><em>-</em></span> <span class='ocrx_word' id='word_1_45' title='bbox 425 1677 477 1785; x_wconf 53' lang='lat'><strong>25,</strong></span> <span class='ocrx_word' id='word_1_46' title='bbox 493 1706 529 1773; x_wconf 78' lang='lat' dir='ltr'><strong>io</strong></span> <span class='ocrx_word' id='word_1_47' title='bbox 544 1707 679 1772; x_wconf 70' lang='lat' dir='ltr'><strong>arantino</strong></span> <span class='ocrx_word' id='word_1_48' title='bbox 724 1706 788 1771; x_wconf 87' lang='lat' dir='ltr'><strong>die.</strong></span> 
     </span>
    </p>

    <p class='ocr_par' dir='ltr' id='par_1_5' title="bbox 330 1829 1198 1930">
     <span class='ocr_line' id='line_1_10' title="bbox 330 1829 1198 1930; baseline -0.001 -35"><span class='ocrx_word' id='word_1_49' title='bbox 330 1870 382 1885; x_wconf 92' lang='lat'><em>-</em></span> <span class='ocrx_word' id='word_1_50' title='bbox 424 1831 478 1909; x_wconf 81' lang='lat'><strong>26,</strong></span> <span class='ocrx_word' id='word_1_51' title='bbox 495 1829 665 1896; x_wconf 74' lang='lat' dir='ltr'><strong>Willelmae</strong></span> <span class='ocrx_word' id='word_1_52' title='bbox 725 1830 920 1930; x_wconf 82' lang='lat' dir='ltr'><strong>wilielmus</strong></span> <span class='ocrx_word' id='word_1_53' title='bbox 935 1831 1002 1915; x_wconf 84' lang='lat' dir='ltr'><strong>piae</strong></span> <span class='ocrx_word' id='word_1_54' title='bbox 1015 1830 1198 1896; x_wconf 82' lang='lat' dir='ltr'><strong>memoriae.</strong></span> 
     </span>
    </p>

    <p class='ocr_par' dir='ltr' id='par_1_6' title="bbox 331 1950 813 2031">
     <span class='ocr_line' id='line_1_11' title="bbox 331 1950 813 2031; baseline -0.012 -6"><span class='ocrx_word' id='word_1_55' title='bbox 331 1994 383 2009; x_wconf 92' lang='lat'>—</span> <span class='ocrx_word' id='word_1_56' title='bbox 425 1950 477 2031; x_wconf 77' lang='lat' dir='ltr'><strong>nt,</strong></span> <span class='ocrx_word' id='word_1_57' title='bbox 491 1954 646 2020; x_wconf 65' lang='lat' dir='ltr'><strong>melotam</strong></span> <span class='ocrx_word' id='word_1_58' title='bbox 723 1951 813 2019; x_wconf 69' lang='grc' dir='ltr'><strong><em>ἅσσα.</em></strong></span> 
     </span>
    </p>
   </div>
   <div class='ocr_carea' id='block_1_3' title="bbox 331 2076 1509 4441">
    <p class='ocr_par' dir='ltr' id='par_1_7' title="bbox 331 2076 1416 2258">
     <span class='ocr_line' id='line_1_12' title="bbox 331 2076 1416 2162; baseline -0.006 -16"><span class='ocrx_word' id='word_1_59' title='bbox 331 2117 383 2132; x_wconf 92' lang='grc'><strong>-</strong></span> <span class='ocrx_word' id='word_1_60' title='bbox 425 2079 678 2158; x_wconf 60' lang='lat' dir='ltr'><strong>somenam·</strong></span> <span class='ocrx_word' id='word_1_61' title='bbox 727 2076 806 2157; x_wconf 84' lang='lat' dir='ltr'><strong>Quo</strong></span> <span class='ocrx_word' id='word_1_62' title='bbox 842 2078 989 2162; x_wconf 79' lang='lat' dir='ltr'><strong>sepulto,</strong></span> <span class='ocrx_word' id='word_1_63' title='bbox 1024 2076 1260 2153; x_wconf 77' lang='lat' dir='ltr'><strong>incontinenti,</strong></span> <span class='ocrx_word' id='word_1_64' title='bbox 1287 2076 1416 2141; x_wconf 79' lang='lat' dir='ltr'><strong>scilieet</strong></span> 
     </span>
     <span class='ocr_line' id='line_1_13' title="bbox 747 2175 1414 2258; baseline -0.008 -14.985"><span class='ocrx_word' id='word_1_65' title='bbox 747 2176 865 2243; x_wconf 85' lang='lat' dir='ltr'><strong>eadem</strong></span> <span class='ocrx_word' id='word_1_66' title='bbox 890 2177 958 2256; x_wconf 87' lang='lat' dir='ltr'><strong>die,</strong></span> <span class='ocrx_word' id='word_1_67' title='bbox 978 2185 1049 2243; x_wconf 79' lang='lat' dir='ltr'><strong>tres</strong></span> <span class='ocrx_word' id='word_1_68' title='bbox 1070 2177 1213 2241; x_wconf 78' lang='lat' dir='ltr'><strong>fratrum</strong></span> <span class='ocrx_word' id='word_1_69' title='bbox 1236 2175 1279 2239; x_wconf 88' lang='lat' dir='ltr'><strong>ad</strong></span> <span class='ocrx_word' id='word_1_70' title='bbox 1301 2195 1414 2258; x_wconf 78' lang='lat' dir='ltr'><strong>regem</strong></span> 
     </span>
    </p>

    <p class='ocr_par' dir='ltr' id='par_1_8' title="bbox 742 2275 1509 4441">
     <span class='ocr_line' id='line_1_14' title="bbox 747 2275 1416 2358; baseline -0.004 -17"><span class='ocrx_word' id='word_1_71' title='bbox 747 2284 830 2341; x_wconf 82' lang='lat' dir='ltr'><strong>eunt</strong></span> <span class='ocrx_word' id='word_1_72' title='bbox 851 2276 1023 2354; x_wconf 78' lang='lat' dir='ltr'><strong>destinati,</strong></span> <span class='ocrx_word' id='word_1_73' title='bbox 1039 2283 1081 2341; x_wconf 89' lang='lat' dir='ltr'><strong>ut</strong></span> <span class='ocrx_word' id='word_1_74' title='bbox 1098 2276 1142 2340; x_wconf 83' lang='lat' dir='ltr'><strong>ab</strong></span> <span class='ocrx_word' id='word_1_75' title='bbox 1165 2295 1207 2340; x_wconf 87' lang='lat' dir='ltr'><strong>eo</strong></span> <span class='ocrx_word' id='word_1_76' title='bbox 1234 2275 1416 2358; x_wconf 83' lang='lat' dir='ltr'><strong>impetrata</strong></span> 
     </span>
     <span class='ocr_line' id='line_1_15' title="bbox 746 2374 1416 2458; baseline 0 -19"><span class='ocrx_word' id='word_1_77' title='bbox 746 2374 854 2440; x_wconf 85' lang='lat' dir='ltr'><strong>libera</strong></span> <span class='ocrx_word' id='word_1_78' title='bbox 874 2377 940 2441; x_wconf 83' lang='lat' dir='ltr'><strong>rite</strong></span> <span class='ocrx_word' id='word_1_79' title='bbox 962 2374 1110 2458; x_wconf 75' lang='lat' dir='ltr'><strong>eligendi</strong></span> <span class='ocrx_word' id='word_1_80' title='bbox 1127 2374 1291 2440; x_wconf 72' lang='lat' dir='ltr'><strong>facultate</strong></span> <span class='ocrx_word' id='word_1_81' title='bbox 1312 2375 1416 2439; x_wconf 88' lang='lat' dir='ltr'><strong>abba·</strong></span> 
     </span>
     <span class='ocr_line' id='line_1_16' title="bbox 747 2474 1509 2557; baseline -0.001 -19"><span class='ocrx_word' id='word_1_82' title='bbox 747 2480 816 2538; x_wconf 89' lang='lat' dir='ltr'><strong>tem</strong></span> <span class='ocrx_word' id='word_1_83' title='bbox 841 2474 1018 2557; x_wconf 80' lang='lat' dir='ltr'><strong>eligerent.</strong></span> <span class='ocrx_word' id='word_1_84' title='bbox 1069 2474 1299 2539; x_wconf 85' lang='lat' dir='ltr'><strong>Obtinuerunt</strong></span> <span class='ocrx_word' id='word_1_85' title='bbox 1313 2474 1415 2537; x_wconf 86' lang='lat' dir='ltr'><strong>etiam</strong></span> <span class='ocrx_word' id='word_1_86' title='bbox 1491 2517 1509 2552; x_wconf 77' lang='lat'>‚</span> 
     </span>
     <span class='ocr_line' id='line_1_17' title="bbox 747 2571 1416 2657; baseline 0 -21"><span class='ocrx_word' id='word_1_87' title='bbox 747 2571 871 2638; x_wconf 77' lang='lat' dir='ltr'><strong>fratres</strong></span> <span class='ocrx_word' id='word_1_88' title='bbox 888 2592 910 2638; x_wconf 86' lang='lat' dir='ltr'><strong>a</strong></span> <span class='ocrx_word' id='word_1_89' title='bbox 925 2573 1063 2638; x_wconf 87' lang='lat' dir='ltr'><strong>domino</strong></span> <span class='ocrx_word' id='word_1_90' title='bbox 1083 2593 1165 2657; x_wconf 80' lang='lat' dir='ltr'><strong>rege</strong></span> <span class='ocrx_word' id='word_1_91' title='bbox 1186 2572 1330 2655; x_wconf 77' lang='lat' dir='ltr'><strong>gratiam</strong></span> <span class='ocrx_word' id='word_1_92' title='bbox 1353 2571 1416 2637; x_wconf 86' lang='lat' dir='ltr'><strong>ha·</strong></span> 
     </span>
     <span class='ocr_line' id='line_1_18' title="bbox 748 2670 1415 2737; baseline 0.004 -3"><span class='ocrx_word' id='word_1_93' title='bbox 748 2670 850 2735; x_wconf 87' lang='lat' dir='ltr'><strong>bendi</strong></span> <span class='ocrx_word' id='word_1_94' title='bbox 867 2677 975 2737; x_wconf 81' lang='lat' dir='ltr'><strong>totam</strong></span> <span class='ocrx_word' id='word_1_95' title='bbox 990 2672 1127 2737; x_wconf 84' lang='lat' dir='ltr'><strong>domum</strong></span> <span class='ocrx_word' id='word_1_96' title='bbox 1147 2690 1244 2736; x_wconf 82' lang='lat' dir='ltr'><strong>snam</strong></span> <span class='ocrx_word' id='word_1_97' title='bbox 1260 2672 1296 2735; x_wconf 94' lang='lat' dir='ltr'><strong>in</strong></span> <span class='ocrx_word' id='word_1_98' title='bbox 1312 2691 1415 2737; x_wconf 88' lang='lat' dir='ltr'><strong>mann</strong></span> 
     </span>
     <span class='ocr_line' id='line_1_19' title="bbox 746 2770 1416 2855; baseline 0.003 -21"><span class='ocrx_word' id='word_1_99' title='bbox 746 2789 822 2849; x_wconf 75' lang='lat' dir='ltr'><strong>ena,</strong></span> <span class='ocrx_word' id='word_1_100' title='bbox 837 2772 992 2855; x_wconf 78' lang='lat' dir='ltr'><strong>exceptis</strong></span> <span class='ocrx_word' id='word_1_101' title='bbox 1008 2770 1183 2837; x_wconf 83' lang='lat' dir='ltr'><strong>exohaetie</strong></span> <span class='ocrx_word' id='word_1_102' title='bbox 1205 2776 1242 2836; x_wconf 95' lang='lat' dir='ltr'><strong>et</strong></span> <span class='ocrx_word' id='word_1_103' title='bbox 1257 2770 1416 2836; x_wconf 79' lang='lat' dir='ltr'><strong>ecclesia·</strong></span> 
     </span>
     <span class='ocr_line' id='line_1_20' title="bbox 746 2869 1415 2954; baseline 0.003 -21"><span class='ocrx_word' id='word_1_104' title='bbox 746 2889 822 2933; x_wconf 87' lang='lat' dir='ltr'><strong>rum</strong></span> <span class='ocrx_word' id='word_1_105' title='bbox 838 2869 1091 2950; x_wconf 77' lang='lat' dir='ltr'><strong>donationibus,</strong></span> <span class='ocrx_word' id='word_1_106' title='bbox 1106 2890 1129 2936; x_wconf 85' lang='lat' dir='ltr'><strong>a</strong></span> <span class='ocrx_word' id='word_1_107' title='bbox 1140 2869 1195 2934; x_wconf 89' lang='lat' dir='ltr'><strong>die</strong></span> <span class='ocrx_word' id='word_1_108' title='bbox 1205 2870 1319 2936; x_wconf 79' lang='lat' dir='ltr'><strong>obitus</strong></span> <span class='ocrx_word' id='word_1_109' title='bbox 1330 2889 1415 2954; x_wconf 80' lang='lat' dir='ltr'><strong>proe-</strong></span> 
     </span>
     <span class='ocr_line' id='line_1_21' title="bbox 747 2968 1415 3053; baseline 0.001 -21"><span class='ocrx_word' id='word_1_110' title='bbox 747 2968 829 3033; x_wconf 87' lang='lat' dir='ltr'><strong>dicti</strong></span> <span class='ocrx_word' id='word_1_111' title='bbox 844 2970 978 3035; x_wconf 79' lang='lat' dir='ltr'><strong>abbatia</strong></span> <span class='ocrx_word' id='word_1_112' title='bbox 994 2969 1154 3053; x_wconf 79' lang='lat' dir='ltr'><strong>usquein</strong></span> <span class='ocrx_word' id='word_1_113' title='bbox 1176 2988 1304 3033; x_wconf 83' lang='lat' dir='ltr'><strong>annum</strong></span> <span class='ocrx_word' id='word_1_114' title='bbox 1325 2988 1415 3035; x_wconf 88' lang='lat' dir='ltr'><strong>oom-</strong></span> 
     </span>
     <span class='ocr_line' id='line_1_22' title="bbox 746 3066 1416 3153; baseline 0.004 -22"><span class='ocrx_word' id='word_1_115' title='bbox 746 3066 898 3152; x_wconf 82' lang='lat' dir='ltr'><strong>pletum;</strong></span> <span class='ocrx_word' id='word_1_116' title='bbox 924 3088 1078 3153; x_wconf 82' lang='lat' dir='ltr'><strong>proque</strong></span> <span class='ocrx_word' id='word_1_117' title='bbox 1101 3069 1242 3134; x_wconf 87' lang='lat' dir='ltr'><strong>obtenta</strong></span> <span class='ocrx_word' id='word_1_118' title='bbox 1266 3067 1416 3135; x_wconf 84' lang='lat' dir='ltr'><strong>donave-</strong></span> 
     </span>
     <span class='ocr_line' id='line_1_23' title="bbox 746 3166 1416 3251; baseline 0.001 -20"><span class='ocrx_word' id='word_1_119' title='bbox 746 3175 827 3232; x_wconf 85' lang='lat' dir='ltr'><strong>rnnt</strong></span> <span class='ocrx_word' id='word_1_120' title='bbox 851 3166 1010 3232; x_wconf 82' lang='lat' dir='ltr'><strong>monachi</strong></span> <span class='ocrx_word' id='word_1_121' title='bbox 1034 3168 1107 3251; x_wconf 72' lang='lat' dir='ltr'><strong>regi</strong></span> <span class='ocrx_word' id='word_1_122' title='bbox 1133 3174 1304 3233; x_wconf 78' lang='lat' dir='ltr'><strong>trecentas</strong></span> <span class='ocrx_word' id='word_1_123' title='bbox 1326 3188 1416 3232; x_wconf 85' lang='lat' dir='ltr'><strong>mar·</strong></span> 
     </span>
     <span class='ocr_line' id='line_1_24' title="bbox 745 3266 1416 3349; baseline 0.003 -18"><span class='ocrx_word' id='word_1_124' title='bbox 745 3284 817 3332; x_wconf 78' lang='lat' dir='ltr'><strong>cas.</strong></span> <span class='ocrx_word' id='word_1_125' title='bbox 852 3266 986 3332; x_wconf 88' lang='lat' dir='ltr'><strong>Deinde</strong></span> <span class='ocrx_word' id='word_1_126' title='bbox 997 3268 1173 3332; x_wconf 78' lang='lat' dir='ltr'><strong>obtentae</strong></span> <span class='ocrx_word' id='word_1_127' title='bbox 1186 3266 1416 3349; x_wconf 77' lang='lat' dir='ltr'><strong>regelioentia</strong></span> 
     </span>
     <span class='ocr_line' id='line_1_25' title="bbox 746 3365 1415 3450; baseline 0.001 -20"><span class='ocrx_word' id='word_1_128' title='bbox 746 3366 904 3430; x_wconf 85' lang='lat' dir='ltr'><strong>abbatem</strong></span> <span class='ocrx_word' id='word_1_129' title='bbox 925 3365 1088 3449; x_wconf 79' lang='lat' dir='ltr'><strong>eligendi,</strong></span> <span class='ocrx_word' id='word_1_130' title='bbox 1114 3366 1169 3431; x_wconf 89' lang='lat' dir='ltr'><strong>die</strong></span> <span class='ocrx_word' id='word_1_131' title='bbox 1191 3366 1316 3431; x_wconf 83' lang='lat' dir='ltr'><strong>Martie</strong></span> <span class='ocrx_word' id='word_1_132' title='bbox 1336 3374 1415 3450; x_wconf 88' lang='lat' dir='ltr'><strong>post</strong></span> 
     </span>
     <span class='ocr_line' id='line_1_26' title="bbox 745 3463 1416 3543; baseline -0.001 -13"><span class='ocrx_word' id='word_1_133' title='bbox 745 3463 1053 3531; x_wconf 82' lang='lat' dir='ltr'><strong>Annnnoiationem</strong></span> <span class='ocrx_word' id='word_1_134' title='bbox 1066 3466 1178 3530; x_wconf 84' lang='lat' dir='ltr'><strong>beatae</strong></span> <span class='ocrx_word' id='word_1_135' title='bbox 1191 3464 1326 3543; x_wconf 78' lang='lat' dir='ltr'><strong>Mariae,</strong></span> <span class='ocrx_word' id='word_1_136' title='bbox 1336 3485 1416 3531; x_wconf 89' lang='lat' dir='ltr'><strong>oon·</strong></span> 
     </span>
     <span class='ocr_line' id='line_1_27' title="bbox 745 3563 1506 3645; baseline 0.003 -17"><span class='ocrx_word' id='word_1_137' title='bbox 745 3565 878 3629; x_wconf 79' lang='lat' dir='ltr'><strong>voeatis</strong></span> <span class='ocrx_word' id='word_1_138' title='bbox 893 3565 1063 3630; x_wconf 82' lang='lat' dir='ltr'><strong>nobilibus</strong></span> <span class='ocrx_word' id='word_1_139' title='bbox 1078 3563 1231 3631; x_wconf 80' lang='lat' dir='ltr'><strong>eeclesiae</strong></span> <span class='ocrx_word' id='word_1_140' title='bbox 1243 3565 1415 3645; x_wconf 78' lang='lat' dir='ltr'><strong>membris,</strong></span> <span class='ocrx_word' id='word_1_141' title='bbox 1503 3625 1506 3630; x_wconf 91' lang='lat'>.</span> 
     </span>
     <span class='ocr_line' id='line_1_28' title="bbox 745 3662 1416 3748; baseline 0.001 -20"><span class='ocrx_word' id='word_1_142' title='bbox 745 3662 876 3729; x_wconf 76' lang='lat' dir='ltr'><strong>seilicet</strong></span> <span class='ocrx_word' id='word_1_143' title='bbox 893 3664 1064 3748; x_wconf 79' lang='lat' dir='ltr'><strong>prioribus</strong></span> <span class='ocrx_word' id='word_1_144' title='bbox 1078 3663 1240 3729; x_wconf 86' lang='lat' dir='ltr'><strong>cellarum</strong></span> <span class='ocrx_word' id='word_1_145' title='bbox 1255 3671 1291 3728; x_wconf 97' lang='lat' dir='ltr'><strong>et</strong></span> <span class='ocrx_word' id='word_1_146' title='bbox 1306 3665 1416 3729; x_wconf 89' lang='lat' dir='ltr'><strong>omni·</strong></span> 
     </span>
     <span class='ocr_line' id='line_1_29' title="bbox 744 3762 1416 3847; baseline 0.004 -20"><span class='ocrx_word' id='word_1_147' title='bbox 744 3763 809 3827; x_wconf 84' lang='lat' dir='ltr'><strong>bna</strong></span> <span class='ocrx_word' id='word_1_148' title='bbox 836 3763 896 3847; x_wconf 89' lang='lat' dir='ltr'><strong>qni</strong></span> <span class='ocrx_word' id='word_1_149' title='bbox 914 3762 1103 3829; x_wconf 86' lang='lat' dir='ltr'><strong>debuerunt</strong></span> <span class='ocrx_word' id='word_1_150' title='bbox 1122 3770 1159 3828; x_wconf 90' lang='lat' dir='ltr'><strong>et</strong></span> <span class='ocrx_word' id='word_1_151' title='bbox 1178 3762 1360 3829; x_wconf 84' lang='lat' dir='ltr'><strong>voluerunt</strong></span> <span class='ocrx_word' id='word_1_152' title='bbox 1379 3770 1416 3830; x_wconf 89' lang='lat' dir='ltr'><strong>et</strong></span> 
     </span>
     <span class='ocr_line' id='line_1_30' title="bbox 744 3862 1415 3945; baseline 0 -18"><span class='ocrx_word' id='word_1_153' title='bbox 744 3868 929 3945; x_wconf 85' lang='lat' dir='ltr'><strong>potnerunt</strong></span> <span class='ocrx_word' id='word_1_154' title='bbox 951 3862 1127 3928; x_wconf 85' lang='lat' dir='ltr'><strong>commode</strong></span> <span class='ocrx_word' id='word_1_155' title='bbox 1150 3862 1326 3941; x_wconf 83' lang='lat' dir='ltr'><strong>interesse,</strong></span> <span class='ocrx_word' id='word_1_156' title='bbox 1346 3862 1415 3927; x_wconf 89' lang='lat' dir='ltr'><strong>ele·</strong></span> 
     </span>
     <span class='ocr_line' id='line_1_31' title="bbox 744 3959 1413 4043; baseline 0 -17"><span class='ocrx_word' id='word_1_157' title='bbox 744 3968 870 4043; x_wconf 77' lang='lat' dir='ltr'><strong>gerunt</strong></span> <span class='ocrx_word' id='word_1_158' title='bbox 910 3961 1097 4027; x_wconf 72' lang='lat' dir='ltr'><strong>solenniter</strong></span> <span class='ocrx_word' id='word_1_159' title='bbox 1134 3959 1329 4025; x_wconf 82' lang='lat' dir='ltr'><strong>Johannem</strong></span> <span class='ocrx_word' id='word_1_160' title='bbox 1370 3960 1413 4026; x_wconf 87' lang='lat' dir='ltr'><strong>do</strong></span> 
     </span>
     <span class='ocr_line' id='line_1_32' title="bbox 745 4058 1412 4144; baseline 0.001 -20"><span class='ocrx_word' id='word_1_161' title='bbox 745 4058 958 4139; x_wconf 80' lang='lat' dir='ltr'><strong>Hertfordia,</strong></span> <span class='ocrx_word' id='word_1_162' title='bbox 979 4062 1126 4144; x_wconf 84' lang='lat' dir='ltr'><strong>priorem</strong></span> <span class='ocrx_word' id='word_1_163' title='bbox 1142 4060 1185 4124; x_wconf 87' lang='lat' dir='ltr'><strong>de</strong></span> <span class='ocrx_word' id='word_1_164' title='bbox 1200 4059 1412 4140; x_wconf 84' lang='lat' dir='ltr'><strong>Hertfordia,</strong></span> 
     </span>
     <span class='ocr_line' id='line_1_33' title="bbox 742 4157 1436 4244; baseline 0 -21"><span class='ocrx_word' id='word_1_165' title='bbox 742 4157 946 4225; x_wconf 81' lang='lat' dir='ltr'><strong>monachum</strong></span> <span class='ocrx_word' id='word_1_166' title='bbox 956 4179 1056 4224; x_wconf 76' lang='lat' dir='ltr'><strong>enum</strong></span> <span class='ocrx_word' id='word_1_167' title='bbox 1071 4159 1273 4244; x_wconf 83' lang='lat' dir='ltr'><strong>professum,</strong></span> <span class='ocrx_word' id='word_1_168' title='bbox 1285 4159 1321 4224; x_wconf 89' lang='lat' dir='ltr'><strong>in</strong></span> <span class='ocrx_word' id='word_1_169' title='bbox 1335 4179 1412 4243; x_wconf 79' lang='lat' dir='ltr'><strong>pae-</strong></span> <span class='ocrx_word' id='word_1_170' title='bbox 1434 4209 1436 4212; x_wconf 83' lang='lat'>.</span> 
     </span>
     <span class='ocr_line' id='line_1_34' title="bbox 743 4258 1412 4335; baseline 0.004 -13"><span class='ocrx_word' id='word_1_171' title='bbox 743 4265 851 4322; x_wconf 87' lang='lat' dir='ltr'><strong>torem</strong></span> <span class='ocrx_word' id='word_1_172' title='bbox 887 4258 1076 4323; x_wconf 82' lang='lat' dir='ltr'><strong>animarum</strong></span> <span class='ocrx_word' id='word_1_173' title='bbox 1113 4278 1264 4335; x_wconf 81' lang='lat' dir='ltr'><strong>enarum,</strong></span> <span class='ocrx_word' id='word_1_174' title='bbox 1302 4260 1412 4325; x_wconf 85' lang='lat' dir='ltr'><strong>virum</strong></span> 
     </span>
     <span class='ocr_line' id='line_1_35' title="bbox 743 4358 1328 4441; baseline 0.005 -19"><span class='ocrx_word' id='word_1_175' title='bbox 743 4358 837 4441; x_wconf 86' lang='lat' dir='ltr'><strong>pium</strong></span> <span class='ocrx_word' id='word_1_176' title='bbox 854 4365 890 4422; x_wconf 87' lang='lat' dir='ltr'><strong>et</strong></span> <span class='ocrx_word' id='word_1_177' title='bbox 903 4358 1106 4424; x_wconf 86' lang='lat' dir='ltr'><strong>monachum</strong></span> <span class='ocrx_word' id='word_1_178' title='bbox 1123 4358 1328 4425; x_wconf 80' lang='lat' dir='ltr'><strong>ordinatum.</strong></span> 
     </span>
    </p>
   </div>
   <div class='ocr_carea' id='block_1_4' title="bbox 328 4475 1153 4648">
    <p class='ocr_par' dir='ltr' id='par_1_9' title="bbox 328 4475 1153 4648">
     <span class='ocr_line' id='line_1_36' title="bbox 328 4475 1153 4560; baseline 0.002 -15"><span class='ocrx_word' id='word_1_179' title='bbox 328 4481 402 4560; x_wconf 74' lang='lat'><strong>326,</strong></span> <span class='ocrx_word' id='word_1_180' title='bbox 439 4475 473 4560; x_wconf 87' lang='lat'><strong>6,&#39;</strong></span> <span class='ocrx_word' id='word_1_181' title='bbox 483 4482 670 4550; x_wconf 77' lang='lat' dir='ltr'><strong>ottuoomio-</strong></span> <span class='ocrx_word' id='word_1_182' title='bbox 721 4482 854 4548; x_wconf 86' lang='lat' dir='ltr'><strong>Deinde</strong></span> <span class='ocrx_word' id='word_1_183' title='bbox 868 4483 963 4548; x_wconf 81' lang='lat' dir='ltr'><strong>missi</strong></span> <span class='ocrx_word' id='word_1_184' title='bbox 980 4490 1061 4549; x_wconf 89' lang='lat' dir='ltr'><strong>sunt</strong></span> <span class='ocrx_word' id='word_1_185' title='bbox 1075 4481 1153 4549; x_wconf 87' lang='lat' dir='ltr'><strong>dno.</strong></span> 
     </span>
     <span class='ocr_line' id='line_1_37' title="bbox 489 4580 1061 4648; baseline 0.007 -1"><span class='ocrx_word' id='word_1_186' title='bbox 489 4581 602 4648; x_wconf 73' lang='lat' dir='ltr'><strong>nitent</strong></span> <span class='ocrx_word' id='word_1_187' title='bbox 1057 4580 1061 4586; x_wconf 72' lang='grc'><em>’</em></span> 
     </span>
    </p>
   </div>
   <div class='ocr_carea' id='block_1_5' title="bbox 0 0 1672 5734">
    <p class='ocr_par' dir='ltr' id='par_1_10' title="bbox 0 0 1672 5734">
     <span class='ocr_line' id='line_1_38' title="bbox 0 0 1672 5734; baseline 0 2"><span class='ocrx_word' id='word_1_188' title='bbox 0 0 1672 5734; x_wconf 95' lang='lat' dir='ltr'><strong> </strong></span> 
     </span>
    </p>
   </div>
  </div>
 </body>
</html>
