<?xml version="1.0" encoding="UTF-8"?>
<!DOCTYPE html PUBLIC "-//W3C//DTD XHTML 1.0 Transitional//EN"
    "http://www.w3.org/TR/xhtml1/DTD/xhtml1-transitional.dtd">
<html xmlns="http://www.w3.org/1999/xhtml" xml:lang="en" lang="en">
 <head>
  <title>
</title>
<meta http-equiv="Content-Type" content="text/html;charset=utf-8" />
  <meta name='ocr-system' content='tesseract 3.04.00' />
  <meta name='ocr-capabilities' content='ocr_page ocr_carea ocr_par ocr_line ocrx_word'/>
</head>
<body>
  <div class='ocr_page' id='page_1' title='image "appendixadroger01parigoog_0050.png"; bbox 0 0 3334 5734; ppageno 0'>
   <div class='ocr_carea' id='block_1_1' title="bbox 415 713 1517 1662">
    <p class='ocr_par' dir='ltr' id='par_1_1' title="bbox 418 713 1144 789">
     <span class='ocr_line' id='line_1_1' title="bbox 418 713 1144 789; baseline 0.01 -7"><span class='ocrx_word' id='word_1_1' title='bbox 418 713 463 782; x_wconf 82' lang='grc'><strong>32</strong></span> <span class='ocrx_word' id='word_1_2' title='bbox 791 732 990 787; x_wconf 74' lang='lat' dir='ltr'><strong>trectense</strong></span> <span class='ocrx_word' id='word_1_3' title='bbox 1012 738 1144 789; x_wconf 68' lang='lat' dir='ltr'><strong>virts.</strong></span> 
     </span>
    </p>

    <p class='ocr_par' dir='ltr' id='par_1_2' title="bbox 418 855 564 897">
     <span class='ocr_line' id='line_1_2' title="bbox 418 855 564 897; baseline 0.014 -3"><span class='ocrx_word' id='word_1_4' title='bbox 418 857 475 896; x_wconf 70' lang='grc' dir='ltr'><strong>ΡΔΘ.</strong></span> <span class='ocrx_word' id='word_1_5' title='bbox 511 855 564 897; x_wconf 60' lang='lat' dir='ltr'><strong>iil·</strong></span> 
     </span>
    </p>

    <p class='ocr_par' dir='ltr' id='par_1_3' title="bbox 418 916 1517 1105">
     <span class='ocr_line' id='line_1_3' title="bbox 418 916 1517 1011; baseline 0.006 -26"><span class='ocrx_word' id='word_1_6' title='bbox 418 920 470 997; x_wconf 87' lang='grc'><strong>69,</strong></span> <span class='ocrx_word' id='word_1_7' title='bbox 507 922 558 998; x_wconf 93' lang='grc'><strong>15,</strong></span> <span class='ocrx_word' id='word_1_8' title='bbox 572 916 707 985; x_wconf 72' lang='lat' dir='ltr'><strong>omnibus</strong></span> <span class='ocrx_word' id='word_1_9' title='bbox 813 943 999 1010; x_wconf 88' lang='lat' dir='ltr'><strong>omnesque</strong></span> <span class='ocrx_word' id='word_1_10' title='bbox 1020 944 1107 1011; x_wconf 89' lang='lat' dir='ltr'><strong>qnos</strong></span> <span class='ocrx_word' id='word_1_11' title='bbox 1126 927 1163 991; x_wconf 90' lang='lat' dir='ltr'><strong>in</strong></span> <span class='ocrx_word' id='word_1_12' title='bbox 1180 944 1222 992; x_wconf 91' lang='lat' dir='ltr'><strong>eo</strong></span> <span class='ocrx_word' id='word_1_13' title='bbox 1245 926 1374 1010; x_wconf 87' lang='lat' dir='ltr'><strong>reperit</strong></span> <span class='ocrx_word' id='word_1_14' title='bbox 1395 926 1517 1010; x_wconf 77' lang='lat' dir='ltr'><strong>gladio</strong></span> 
     </span>
     <span class='ocr_line' id='line_1_4' title="bbox 581 1019 1020 1105; baseline 0.023 -22"><span class='ocrx_word' id='word_1_15' title='bbox 581 1019 768 1105; x_wconf 73' lang='lat' dir='ltr'><strong>interemptis</strong></span> <span class='ocrx_word' id='word_1_16' title='bbox 837 1024 1020 1093; x_wconf 82' lang='lat' dir='ltr'><strong>interemit</strong></span> 
     </span>
    </p>

    <p class='ocr_par' dir='ltr' id='par_1_4' title="bbox 417 1143 1064 1230">
     <span class='ocr_line' id='line_1_5' title="bbox 417 1143 1064 1230; baseline 0.012 -24"><span class='ocrx_word' id='word_1_17' title='bbox 417 1184 468 1198; x_wconf 93' lang='lat'><em>-</em></span> <span class='ocrx_word' id='word_1_18' title='bbox 511 1144 563 1221; x_wconf 90' lang='grc'><strong>28,</strong></span> <span class='ocrx_word' id='word_1_19' title='bbox 579 1164 652 1230; x_wconf 74' lang='lat' dir='ltr'><strong>quot</strong></span> <span class='ocrx_word' id='word_1_20' title='bbox 671 1143 766 1210; x_wconf 77' lang='lat' dir='ltr'><strong>iitm&#39;</strong></span> <span class='ocrx_word' id='word_1_21' title='bbox 815 1147 921 1212; x_wconf 87' lang='lat' dir='ltr'><strong>Turci</strong></span> <span class='ocrx_word' id='word_1_22' title='bbox 934 1155 1064 1214; x_wconf 82' lang='lat' dir='ltr'><strong>autem.</strong></span> 
     </span>
    </p>

    <p class='ocr_par' dir='ltr' id='par_1_5' title="bbox 416 1262 1223 1358">
     <span class='ocr_line' id='line_1_6' title="bbox 416 1262 1223 1358; baseline 0.007 -24"><span class='ocrx_word' id='word_1_23' title='bbox 416 1262 468 1343; x_wconf 87' lang='grc'><strong>70,</strong></span> <span class='ocrx_word' id='word_1_24' title='bbox 503 1267 765 1354; x_wconf 51' lang='lat' dir='ltr'><strong>neumam&amp;</strong></span> <span class='ocrx_word' id='word_1_25' title='bbox 814 1278 901 1338; x_wconf 82' lang='lat' dir='ltr'><strong>oetas</strong></span> <span class='ocrx_word' id='word_1_26' title='bbox 917 1292 980 1356; x_wconf 88' lang='lat' dir='ltr'><strong>pro</strong></span> <span class='ocrx_word' id='word_1_27' title='bbox 995 1273 1223 1358; x_wconf 79' lang='lat' dir='ltr'><strong>quibusipsa</strong></span> 
     </span>
    </p>

    <p class='ocr_par' dir='ltr' id='par_1_6' title="bbox 415 1387 1513 1662">
     <span class='ocr_line' id='line_1_7' title="bbox 415 1387 1511 1482; baseline 0.005 -27"><span class='ocrx_word' id='word_1_28' title='bbox 415 1430 466 1444; x_wconf 95' lang='lat'>-</span> <span class='ocrx_word' id='word_1_29' title='bbox 510 1387 561 1470; x_wconf 98' lang='grc'><strong>17,</strong></span> <span class='ocrx_word' id='word_1_30' title='bbox 575 1389 761 1456; x_wconf 71' lang='lat' dir='ltr'><strong>arbitrem</strong></span> <span class='ocrx_word' id='word_1_31' title='bbox 811 1398 1072 1479; x_wconf 68' lang='lat' dir='ltr'><strong>arbitrantium</strong></span> <span class='ocrx_word' id='word_1_32' title='bbox 1098 1417 1243 1482; x_wconf 87' lang='lat' dir='ltr'><strong>cumque</strong></span> <span class='ocrx_word' id='word_1_33' title='bbox 1260 1417 1319 1462; x_wconf 91' lang='lat' dir='ltr'><strong>eos</strong></span> <span class='ocrx_word' id='word_1_34' title='bbox 1338 1396 1511 1462; x_wconf 75' lang='lat' dir='ltr'><strong>Solimon·</strong></span> 
     </span>
     <span class='ocr_line' id='line_1_8' title="bbox 581 1490 1513 1577; baseline 0.004 -21"><span class='ocrx_word' id='word_1_35' title='bbox 581 1538 590 1556; x_wconf 95' lang='lat'><strong>.</strong></span> <span class='ocrx_word' id='word_1_36' title='bbox 605 1538 635 1555; x_wconf 85' lang='lat'><strong>..</strong></span> <span class='ocrx_word' id='word_1_37' title='bbox 661 1490 764 1577; x_wconf 72' lang='lat' dir='ltr'><strong>desota-</strong></span> <span class='ocrx_word' id='word_1_38' title='bbox 833 1516 900 1561; x_wconf 83' lang='lat' dir='ltr'><strong>nne</strong></span> <span class='ocrx_word' id='word_1_39' title='bbox 914 1497 1096 1575; x_wconf 83' lang='lat' dir='ltr'><strong>obsideret,</strong></span> <span class='ocrx_word' id='word_1_40' title='bbox 1109 1497 1160 1562; x_wconf 90' lang='lat' dir='ltr'><strong>illi</strong></span> <span class='ocrx_word' id='word_1_41' title='bbox 1173 1517 1256 1563; x_wconf 85' lang='lat' dir='ltr'><strong>vero</strong></span> <span class='ocrx_word' id='word_1_42' title='bbox 1273 1516 1350 1562; x_wconf 84' lang='lat' dir='ltr'><strong>sese</strong></span> <span class='ocrx_word' id='word_1_43' title='bbox 1362 1498 1513 1563; x_wconf 82' lang='lat' dir='ltr'><strong>viriliter</strong></span> 
     </span>
     <span class='ocr_line' id='line_1_9' title="bbox 576 1589 1481 1662; baseline 0.007 -7"><span class='ocrx_word' id='word_1_44' title='bbox 576 1589 677 1655; x_wconf 77' lang='lat' dir='ltr'><strong>dentes</strong></span> <span class='ocrx_word' id='word_1_45' title='bbox 834 1595 1068 1662; x_wconf 82' lang='lat' dir='ltr'><strong>defenderunt.</strong></span> <span class='ocrx_word' id='word_1_46' title='bbox 1477 1598 1481 1603; x_wconf 85' lang='lat'>&#39;</span> 
     </span>
    </p>
   </div>
   <div class='ocr_carea' id='block_1_2' title="bbox 411 1714 1199 2357">
    <p class='ocr_par' dir='ltr' id='par_1_7' title="bbox 415 1714 1117 1878">
     <span class='ocr_line' id='line_1_10' title="bbox 415 1714 1117 1792; baseline -0.007 0"><span class='ocrx_word' id='word_1_47' title='bbox 415 1752 466 1768; x_wconf 89' lang='grc'><strong>“““</strong></span> <span class='ocrx_word' id='word_1_48' title='bbox 508 1714 761 1792; x_wconf 56' lang='lat' dir='ltr'><strong>mamimu-</strong></span> <span class='ocrx_word' id='word_1_49' title='bbox 812 1721 1117 1788; x_wconf 83' lang='lat' dir='ltr'><strong>misso...1nilite.</strong></span> 
     </span>
     <span class='ocr_line' id='line_1_11' title="bbox 567 1811 684 1878; baseline -0.009 0"><span class='ocrx_word' id='word_1_50' title='bbox 567 1811 684 1878; x_wconf 69' lang='lat' dir='ltr'><strong>muita</strong></span> 
     </span>
    </p>

    <p class='ocr_par' dir='ltr' id='par_1_8' title="bbox 412 1934 1199 2100">
     <span class='ocr_line' id='line_1_12' title="bbox 412 1934 1199 2021; baseline 0 -21"><span class='ocrx_word' id='word_1_51' title='bbox 412 1973 464 1992; x_wconf 91' lang='lat'><strong>·-</strong></span> <span class='ocrx_word' id='word_1_52' title='bbox 507 1938 560 2012; x_wconf 88' lang='grc'><strong>21,</strong></span> <span class='ocrx_word' id='word_1_53' title='bbox 567 1936 676 2021; x_wconf 73' lang='lat' dir='ltr'><strong>faciut</strong></span> <span class='ocrx_word' id='word_1_54' title='bbox 691 1934 762 2002; x_wconf 79' lang='lat' dir='ltr'><strong>lide·</strong></span> <span class='ocrx_word' id='word_1_55' title='bbox 809 1934 997 2000; x_wconf 81' lang='lat' dir='ltr'><strong>incolumes</strong></span> <span class='ocrx_word' id='word_1_56' title='bbox 1013 1934 1199 2000; x_wconf 71' lang='lat' dir='ltr'><strong>reduceret.</strong></span> 
     </span>
     <span class='ocr_line' id='line_1_13' title="bbox 577 2056 650 2100; baseline 0 0"><span class='ocrx_word' id='word_1_57' title='bbox 577 2056 650 2100; x_wconf 83' lang='lat' dir='ltr'><strong>rert</strong></span> 
     </span>
    </p>

    <p class='ocr_par' dir='ltr' id='par_1_9' title="bbox 412 2153 1104 2235">
     <span class='ocr_line' id='line_1_14' title="bbox 412 2153 1104 2235; baseline -0.003 -14"><span class='ocrx_word' id='word_1_58' title='bbox 412 2190 461 2205; x_wconf 92' lang='lat'><strong>·-</strong></span> <span class='ocrx_word' id='word_1_59' title='bbox 504 2153 557 2235; x_wconf 88' lang='grc'><strong>27,</strong></span> <span class='ocrx_word' id='word_1_60' title='bbox 573 2164 638 2222; x_wconf 82' lang='lat' dir='ltr'><strong>eote</strong></span> <span class='ocrx_word' id='word_1_61' title='bbox 809 2161 892 2220; x_wconf 85' lang='lat' dir='ltr'><strong>voto</strong></span> <span class='ocrx_word' id='word_1_62' title='bbox 908 2155 1104 2221; x_wconf 86' lang='lat' dir='ltr'><strong>obstrictus.</strong></span> 
     </span>
    </p>

    <p class='ocr_par' dir='ltr' id='par_1_10' title="bbox 411 2273 896 2357">
     <span class='ocr_line' id='line_1_15' title="bbox 411 2273 896 2357; baseline 0 -12"><span class='ocrx_word' id='word_1_63' title='bbox 411 2273 464 2357; x_wconf 88' lang='grc'><strong>71,</strong></span> <span class='ocrx_word' id='word_1_64' title='bbox 523 2281 553 2357; x_wconf 85' lang='grc'><strong>3,</strong></span> <span class='ocrx_word' id='word_1_65' title='bbox 569 2287 657 2344; x_wconf 67' lang='lat' dir='ltr'><strong>urrae</strong></span> <span class='ocrx_word' id='word_1_66' title='bbox 807 2278 896 2345; x_wconf 83' lang='lat' dir='ltr'><strong>deest.</strong></span> 
     </span>
    </p>
   </div>
   <div class='ocr_carea' id='block_1_3' title="bbox 410 2399 1506 2571">
    <p class='ocr_par' dir='ltr' id='par_1_11' title="bbox 410 2399 1506 2571">
     <span class='ocr_line' id='line_1_16' title="bbox 410 2399 1506 2493; baseline 0.003 -22"><span class='ocrx_word' id='word_1_67' title='bbox 410 2440 460 2455; x_wconf 96' lang='lat'><em>-</em></span> <span class='ocrx_word' id='word_1_68' title='bbox 526 2399 556 2480; x_wconf 92' lang='grc'><strong>7,</strong></span> <span class='ocrx_word' id='word_1_69' title='bbox 570 2423 758 2470; x_wconf 73' lang='lat' dir='ltr'><strong>cton...re</strong></span> <span class='ocrx_word' id='word_1_70' title='bbox 807 2412 844 2469; x_wconf 88' lang='lat' dir='ltr'><strong>et</strong></span> <span class='ocrx_word' id='word_1_71' title='bbox 865 2405 909 2469; x_wconf 85' lang='lat' dir='ltr'><strong>ad</strong></span> <span class='ocrx_word' id='word_1_72' title='bbox 930 2407 1156 2473; x_wconf 85' lang='lat' dir='ltr'><strong>resistendum</strong></span> <span class='ocrx_word' id='word_1_73' title='bbox 1175 2427 1213 2473; x_wconf 87' lang='lat' dir='ltr'><strong>se</strong></span> <span class='ocrx_word' id='word_1_74' title='bbox 1236 2426 1433 2493; x_wconf 83' lang='lat' dir='ltr'><strong>praeparare</strong></span> <span class='ocrx_word' id='word_1_75' title='bbox 1455 2409 1506 2474; x_wconf 84' lang='lat' dir='ltr'><strong>vi-</strong></span> 
     </span>
     <span class='ocr_line' id='line_1_17' title="bbox 569 2502 960 2571; baseline 0.008 -3"><span class='ocrx_word' id='word_1_76' title='bbox 569 2502 734 2568; x_wconf 76' lang='lat' dir='ltr'><strong>tisteadttm</strong></span> <span class='ocrx_word' id='word_1_77' title='bbox 830 2503 960 2571; x_wconf 86' lang='lat' dir='ltr'><strong>dentes.</strong></span> 
     </span>
    </p>
   </div>
   <div class='ocr_carea' id='block_1_4' title="bbox 409 2625 1032 2712">
    <p class='ocr_par' dir='ltr' id='par_1_12' title="bbox 409 2625 1032 2712">
     <span class='ocr_line' id='line_1_18' title="bbox 409 2625 1032 2712; baseline 0.016 -24"><span class='ocrx_word' id='word_1_78' title='bbox 409 2663 460 2678; x_wconf 91' lang='lat'><em>-</em></span> <span class='ocrx_word' id='word_1_79' title='bbox 504 2627 555 2703; x_wconf 94' lang='grc'><strong>15,</strong></span> <span class='ocrx_word' id='word_1_80' title='bbox 569 2625 758 2711; x_wconf 50' lang='lat' dir='ltr'><strong>emendatos</strong></span> <span class='ocrx_word' id='word_1_81' title='bbox 805 2629 1032 2712; x_wconf 88' lang='lat' dir='ltr'><strong>rependendo.</strong></span> 
     </span>
    </p>
   </div>
   <div class='ocr_carea' id='block_1_5' title="bbox 409 2751 999 2827">
    <p class='ocr_par' dir='ltr' id='par_1_13' title="bbox 409 2751 999 2827">
     <span class='ocr_line' id='line_1_19' title="bbox 409 2751 999 2827; baseline 0.014 -15"><span class='ocrx_word' id='word_1_82' title='bbox 409 2787 460 2801; x_wconf 91' lang='lat'><em>-</em></span> <span class='ocrx_word' id='word_1_83' title='bbox 504 2751 556 2827; x_wconf 90' lang='grc'><strong>20,</strong></span> <span class='ocrx_word' id='word_1_84' title='bbox 571 2770 666 2816; x_wconf 73' lang='lat' dir='ltr'><strong>cotton</strong></span> <span class='ocrx_word' id='word_1_85' title='bbox 806 2753 867 2818; x_wconf 89' lang='lat' dir='ltr'><strong>sed</strong></span> <span class='ocrx_word' id='word_1_86' title='bbox 881 2773 999 2820; x_wconf 87' lang='lat' dir='ltr'><strong>unum.</strong></span> 
     </span>
    </p>
   </div>
   <div class='ocr_carea' id='block_1_6' title="bbox 406 2870 1500 3277">
    <p class='ocr_par' dir='ltr' id='par_1_14' title="bbox 409 2870 1489 3058">
     <span class='ocr_line' id='line_1_20' title="bbox 409 2870 1489 2963; baseline 0.009 -28"><span class='ocrx_word' id='word_1_87' title='bbox 409 2907 457 2921; x_wconf 94' lang='grc'>-</span> <span class='ocrx_word' id='word_1_88' title='bbox 501 2873 554 2951; x_wconf 88' lang='grc'><strong>26,</strong></span> <span class='ocrx_word' id='word_1_89' title='bbox 569 2870 755 2961; x_wconf 54' lang='lat' dir='ltr'><strong>doraum...</strong></span> <span class='ocrx_word' id='word_1_90' title='bbox 804 2878 910 2961; x_wconf 75' lang='lat' dir='ltr'><strong>regite</strong></span> <span class='ocrx_word' id='word_1_91' title='bbox 925 2879 1129 2963; x_wconf 78' lang='lat' dir='ltr'><strong>benignitati</strong></span> <span class='ocrx_word' id='word_1_92' title='bbox 1148 2882 1249 2947; x_wconf 88' lang='lat' dir='ltr'><strong>nimis</strong></span> <span class='ocrx_word' id='word_1_93' title='bbox 1266 2882 1489 2948; x_wconf 85' lang='lat' dir='ltr'><strong>confidentes.</strong></span> 
     </span>
     <span class='ocr_line' id='line_1_21' title="bbox 543 2984 757 3058; baseline 0.005 -19"><span class='ocrx_word' id='word_1_94' title='bbox 543 2984 757 3058; x_wconf 66' lang='lat' dir='ltr'><strong>praemandat</strong></span> 
     </span>
    </p>

    <p class='ocr_par' dir='ltr' id='par_1_15' title="bbox 406 3090 1500 3277">
     <span class='ocr_line' id='line_1_22' title="bbox 406 3090 1500 3176; baseline 0.015 -32"><span class='ocrx_word' id='word_1_95' title='bbox 406 3129 456 3144; x_wconf 89' lang='grc'><strong>..</strong></span> <span class='ocrx_word' id='word_1_96' title='bbox 500 3098 552 3174; x_wconf 72' lang='grc'><strong>28,</strong></span> <span class='ocrx_word' id='word_1_97' title='bbox 567 3117 636 3161; x_wconf 65' lang='grc' dir='ltr'><strong>Μ,</strong></span> <span class='ocrx_word' id='word_1_98' title='bbox 656 3098 755 3163; x_wconf 51' lang='lat' dir='ltr'><strong>armti</strong></span> <span class='ocrx_word' id='word_1_99' title='bbox 804 3090 909 3155; x_wconf 83' lang='lat' dir='ltr'><strong>armis</strong></span> <span class='ocrx_word' id='word_1_100' title='bbox 925 3098 961 3156; x_wconf 94' lang='lat' dir='ltr'><strong>et</strong></span> <span class='ocrx_word' id='word_1_101' title='bbox 977 3092 1076 3156; x_wconf 86' lang='lat' dir='ltr'><strong>bonis</strong></span> <span class='ocrx_word' id='word_1_102' title='bbox 1093 3092 1165 3156; x_wconf 88' lang='lat' dir='ltr'><strong>suis</strong></span> <span class='ocrx_word' id='word_1_103' title='bbox 1184 3093 1221 3156; x_wconf 92' lang='lat' dir='ltr'><strong>in</strong></span> <span class='ocrx_word' id='word_1_104' title='bbox 1242 3094 1356 3176; x_wconf 81' lang='lat' dir='ltr'><strong>regias</strong></span> <span class='ocrx_word' id='word_1_105' title='bbox 1377 3115 1500 3161; x_wconf 86' lang='lat' dir='ltr'><strong>manus</strong></span> 
     </span>
     <span class='ocr_line' id='line_1_23' title="bbox 568 3190 1497 3277; baseline 0.013 -27"><span class='ocrx_word' id='word_1_106' title='bbox 568 3205 755 3260; x_wconf 66' lang='lat' dir='ltr'><strong>...mertem</strong></span> <span class='ocrx_word' id='word_1_107' title='bbox 826 3190 960 3255; x_wconf 86' lang='lat' dir='ltr'><strong>traditis</strong></span> <span class='ocrx_word' id='word_1_108' title='bbox 995 3190 1230 3257; x_wconf 78' lang='lat' dir='ltr'><strong>satisfacerent</strong></span> <span class='ocrx_word' id='word_1_109' title='bbox 1262 3199 1497 3277; x_wconf 87' lang='lat' dir='ltr'><strong>conquerenti.</strong></span> 
     </span>
    </p>
   </div>
   <div class='ocr_carea' id='block_1_7' title="bbox 567 3287 1499 3455">
    <p class='ocr_par' dir='ltr' id='par_1_16' title="bbox 567 3287 1499 3455">
     <span class='ocr_line' id='line_1_24' title="bbox 567 3287 1499 3375; baseline 0.001 -16"><span class='ocrx_word' id='word_1_110' title='bbox 567 3293 733 3359; x_wconf 58' lang='lat' dir='ltr'><strong>memmi</strong></span> <span class='ocrx_word' id='word_1_111' title='bbox 826 3287 907 3367; x_wconf 84' lang='lat' dir='ltr'><strong>Quo</strong></span> <span class='ocrx_word' id='word_1_112' title='bbox 946 3289 1038 3355; x_wconf 83' lang='lat' dir='ltr'><strong>facto</strong></span> <span class='ocrx_word' id='word_1_113' title='bbox 1080 3290 1216 3356; x_wconf 84' lang='lat' dir='ltr'><strong>veniam</strong></span> <span class='ocrx_word' id='word_1_114' title='bbox 1256 3301 1499 3375; x_wconf 80' lang='lat' dir='ltr'><strong>exspectantes</strong></span> 
     </span>
     <span class='ocr_line' id='line_1_25' title="bbox 825 3390 1209 3455; baseline 0.013 -5"><span class='ocrx_word' id='word_1_115' title='bbox 825 3395 968 3452; x_wconf 84' lang='lat' dir='ltr'><strong>mortem</strong></span> <span class='ocrx_word' id='word_1_116' title='bbox 984 3390 1209 3455; x_wconf 83' lang='lat' dir='ltr'><strong>incurrerunt.</strong></span> 
     </span>
    </p>
   </div>
   <div class='ocr_carea' id='block_1_8' title="bbox 406 3511 1496 3681">
    <p class='ocr_par' dir='ltr' id='par_1_17' title="bbox 406 3511 1496 3681">
     <span class='ocr_line' id='line_1_26' title="bbox 406 3511 1496 3675; baseline -0.003 -92"><span class='ocrx_word' id='word_1_117' title='bbox 406 3513 460 3593; x_wconf 94' lang='grc'><strong>72,</strong></span> <span class='ocrx_word' id='word_1_118' title='bbox 519 3521 549 3593; x_wconf 96' lang='grc'><strong>5,</strong></span> <span class='ocrx_word' id='word_1_119' title='bbox 565 3514 692 3581; x_wconf 64' lang='lat' dir='ltr'><strong>adicite</strong></span> <span class='ocrx_word' id='word_1_120' title='bbox 801 3511 1056 3675; x_wconf 51' lang='lat' dir='ltr'><strong>qggisazollicite</strong></span> <span class='ocrx_word' id='word_1_121' title='bbox 1080 3513 1340 3593; x_wconf 84' lang='lat' dir='ltr'><strong>admonuerunt,</strong></span> <span class='ocrx_word' id='word_1_122' title='bbox 1361 3523 1401 3580; x_wconf 90' lang='lat' dir='ltr'><strong>ut</strong></span> <span class='ocrx_word' id='word_1_123' title='bbox 1418 3536 1496 3600; x_wconf 88' lang='lat' dir='ltr'><strong>per-</strong></span> 
     </span>
     <span class='ocr_line' id='line_1_27' title="bbox 501 3624 950 3681; baseline 0 -18"><span class='ocrx_word' id='word_1_124' title='bbox 501 3650 508 3663; x_wconf 85' lang='lat'><strong>.</strong></span> <span class='ocrx_word' id='word_1_125' title='bbox 567 3624 603 3681; x_wconf 60' lang='lat' dir='ltr'><strong>“t</strong></span> <span class='ocrx_word' id='word_1_126' title='bbox 942 3658 950 3674; x_wconf 74' lang='grc'><strong>,</strong></span> 
     </span>
    </p>
   </div>
   <div class='ocr_carea' id='block_1_9' title="bbox 402 3734 1293 4048">
    <p class='ocr_par' dir='ltr' id='par_1_18' title="bbox 402 3734 1293 4048">
     <span class='ocr_line' id='line_1_28' title="bbox 403 3734 888 3816; baseline 0.012 -22"><span class='ocrx_word' id='word_1_127' title='bbox 403 3781 453 3794; x_wconf 86' lang='grc'><strong>..</strong></span> <span class='ocrx_word' id='word_1_128' title='bbox 518 3739 549 3816; x_wconf 82' lang='lat'><strong>6,</strong></span> <span class='ocrx_word' id='word_1_129' title='bbox 563 3737 718 3803; x_wconf 68' lang='lat' dir='ltr'><strong>mahtim</strong></span> <span class='ocrx_word' id='word_1_130' title='bbox 800 3734 888 3801; x_wconf 71' lang='lat' dir='ltr'><strong>deest.</strong></span> 
     </span>
     <span class='ocr_line' id='line_1_29' title="bbox 402 3858 1293 3946; baseline 0.011 -28"><span class='ocrx_word' id='word_1_131' title='bbox 402 3905 452 3918; x_wconf 88' lang='lat'><strong>..</strong></span> <span class='ocrx_word' id='word_1_132' title='bbox 518 3858 749 3939; x_wconf 47' lang='lat' dir='ltr'><strong>hiandum„</strong></span> <span class='ocrx_word' id='word_1_133' title='bbox 798 3859 1065 3926; x_wconf 88' lang='lat' dir='ltr'><strong>incederent...</strong></span> <span class='ocrx_word' id='word_1_134' title='bbox 1083 3862 1293 3946; x_wconf 84' lang='lat' dir='ltr'><strong>expedirent.</strong></span> 
     </span>
     <span class='ocr_line' id='line_1_30' title="bbox 563 3959 725 4048; baseline 0.012 -1"><span class='ocrx_word' id='word_1_135' title='bbox 563 3959 725 4048; x_wconf 71' lang='grc'><strong>1111111111</strong></span> 
     </span>
    </p>
   </div>
   <div class='ocr_carea' id='block_1_10' title="bbox 401 4080 1052 4165">
    <p class='ocr_par' dir='ltr' id='par_1_19' title="bbox 401 4080 1052 4165">
     <span class='ocr_line' id='line_1_31' title="bbox 401 4080 1052 4165; baseline -0.008 -13"><span class='ocrx_word' id='word_1_136' title='bbox 401 4127 452 4141; x_wconf 95' lang='grc'><strong>-</strong></span> <span class='ocrx_word' id='word_1_137' title='bbox 495 4089 546 4165; x_wconf 92' lang='grc'><strong>15,</strong></span> <span class='ocrx_word' id='word_1_138' title='bbox 561 4107 632 4151; x_wconf 83' lang='lat' dir='ltr'><strong>se..</strong></span> <span class='ocrx_word' id='word_1_139' title='bbox 649 4094 699 4151; x_wconf 81' lang='lat' dir='ltr'><strong>.et</strong></span> <span class='ocrx_word' id='word_1_140' title='bbox 797 4080 895 4145; x_wconf 82' lang='lat' dir='ltr'><strong>furiis</strong></span> <span class='ocrx_word' id='word_1_141' title='bbox 908 4082 1052 4147; x_wconf 83' lang='lat' dir='ltr'><strong>incitati.</strong></span> 
     </span>
    </p>
   </div>
   <div class='ocr_carea' id='block_1_11' title="bbox 400 4205 998 4295">
    <p class='ocr_par' dir='ltr' id='par_1_20' title="bbox 400 4205 998 4295">
     <span class='ocr_line' id='line_1_32' title="bbox 400 4205 998 4295; baseline -0.012 -20"><span class='ocrx_word' id='word_1_142' title='bbox 400 4247 450 4259; x_wconf 93' lang='lat'><em>-</em></span> <span class='ocrx_word' id='word_1_143' title='bbox 493 4205 547 4287; x_wconf 91' lang='grc'><strong>17,</strong></span> <span class='ocrx_word' id='word_1_144' title='bbox 562 4208 731 4295; x_wconf 61' lang='lat' dir='ltr'><strong>itemst</strong></span> <span class='ocrx_word' id='word_1_145' title='bbox 795 4212 998 4287; x_wconf 87' lang='lat' dir='ltr'><strong>quaerentes.</strong></span> 
     </span>
    </p>
   </div>
   <div class='ocr_carea' id='block_1_12' title="bbox 305 4325 1540 4498">
    <p class='ocr_par' dir='ltr' id='par_1_21' title="bbox 305 4325 1540 4498">
     <span class='ocr_line' id='line_1_33' title="bbox 305 4325 1540 4416; baseline 0.015 -34"><span class='ocrx_word' id='word_1_146' title='bbox 305 4325 308 4328; x_wconf 70' lang='grc'><em>”</em></span> <span class='ocrx_word' id='word_1_147' title='bbox 399 4368 448 4383; x_wconf 86' lang='grc'><strong>...</strong></span> <span class='ocrx_word' id='word_1_148' title='bbox 492 4335 545 4410; x_wconf 80' lang='grc'><strong>22,</strong></span> <span class='ocrx_word' id='word_1_149' title='bbox 559 4332 744 4398; x_wconf 64' lang='lat' dir='ltr'><strong>mmor...</strong></span> <span class='ocrx_word' id='word_1_150' title='bbox 795 4326 930 4392; x_wconf 87' lang='lat' dir='ltr'><strong>author.</strong></span> <span class='ocrx_word' id='word_1_151' title='bbox 973 4328 1128 4393; x_wconf 83' lang='lat' dir='ltr'><strong>Tandem</strong></span> <span class='ocrx_word' id='word_1_152' title='bbox 1144 4349 1274 4409; x_wconf 89' lang='lat' dir='ltr'><strong>omnes,</strong></span> <span class='ocrx_word' id='word_1_153' title='bbox 1289 4341 1462 4416; x_wconf 81' lang='lat' dir='ltr'><strong>superata.</strong></span> <span class='ocrx_word' id='word_1_154' title='bbox 1538 4355 1540 4359; x_wconf 90' lang='lat'>·</span> 
     </span>
     <span class='ocr_line' id='line_1_34' title="bbox 562 4439 741 4498; baseline 0.011 -2"><span class='ocrx_word' id='word_1_155' title='bbox 562 4439 741 4498; x_wconf 72' lang='lat' dir='ltr'><strong>tremum</strong></span> 
     </span>
    </p>
   </div>
   <div class='ocr_carea' id='block_1_13' title="bbox 336 4538 1000 4640">
    <p class='ocr_par' dir='ltr' id='par_1_22' title="bbox 336 4538 1000 4640">
     <span class='ocr_line' id='line_1_35' title="bbox 336 4538 1000 4640; baseline -0.006 -19"><span class='ocrx_word' id='word_1_156' title='bbox 336 4538 341 4549; x_wconf 85' lang='grc'><strong>’</strong></span> <span class='ocrx_word' id='word_1_157' title='bbox 396 4592 446 4607; x_wconf 90' lang='grc'>-</span> <span class='ocrx_word' id='word_1_158' title='bbox 489 4556 543 4631; x_wconf 77' lang='lat'><strong>24,</strong></span> <span class='ocrx_word' id='word_1_159' title='bbox 558 4555 724 4640; x_wconf 67' lang='lat' dir='ltr'><strong>atttqm</strong></span> <span class='ocrx_word' id='word_1_160' title='bbox 794 4551 1000 4633; x_wconf 76' lang='lat' dir='ltr'><strong>attigissent.</strong></span> 
     </span>
    </p>
   </div>
   <div class='ocr_carea' id='block_1_14' title="bbox 0 0 1672 5734">
    <p class='ocr_par' dir='ltr' id='par_1_23' title="bbox 0 0 1672 5734">
     <span class='ocr_line' id='line_1_36' title="bbox 0 0 1672 5734; baseline 0 6"><span class='ocrx_word' id='word_1_161' title='bbox 0 0 1672 5734; x_wconf 95' lang='lat' dir='ltr'><strong> </strong></span> 
     </span>
    </p>
   </div>
  </div>
 </body>
</html>
