3334 5734
368 690 390 752 4
731 705 929 754 nncrrosns
954 704 1086 753 visin.

369 884 485 949 comiti
505 883 660 949 Haraldo
678 881 839 949 Godwini
858 884 941 963 filio,
963 884 1023 950 alii
1044 892 1158 950 antem
1177 885 1340 950 favebant
1363 882 1469 947 Ead-

370 1003 454 1065 garo
482 984 553 1049 filio
581 982 751 1048 Edwardi.
802 982 1001 1049 Edmundus
1033 993 1146 1049 autem
1174 982 1466 1048 Latus-ferreum

370 1102 432 1147 rex
453 1083 619 1149 naturalis
642 1082 685 1147 de
708 1083 814 1166 stirpe
833 1102 952 1165 regum
973 1084 1092 1165 genuit
1113 1083 1344 1161 Edwardum3
1387 1080 1468 1145 Ed·

369 1182 505 1247 wardus
528 1182 734 1263 Eadgarum,
756 1183 812 1247 cui
837 1181 880 1246 de
900 1182 979 1266 jure
1002 1182 1188 1247 debebatur
1210 1200 1353 1264 regnum
1380 1179 1467 1244 An·

369 1280 524 1362 glornm3
557 1280 616 1346 sed
643 1280 831 1358 Haraldus‚
853 1280 906 1345 vir
928 1281 1072 1346 callidus
1092 1286 1128 1345 et
1151 1288 1299 1357 astutus,
1328 1279 1468 1344 intelli·

370 1399 454 1461 gens
477 1380 568 1464 quod
589 1380 725 1444 ‘nocuit
745 1398 879 1462 semper
903 1379 1036 1444 differre
1061 1376 1213 1463 paratis,'
1233 1382 1270 1444 in
1292 1380 1347 1444 die
1369 1379 1462 1461 Epi·

248 1560 250 1564 Ι
368 1477 516 1562 phariae,
540 1499 610 1562 qua
631 1499 693 1545 rex
713 1477 903 1543 Edwardus
923 1479 1078 1562 sepultus
1098 1488 1162 1556 est,
1183 1486 1321 1544 extorta
1340 1479 1416 1542 lide
1440 1496 1465 1541 a

369 1579 566 1662 majoribus,
591 1578 657 1643 sibi
673 1597 827 1660 regnum,
846 1585 886 1643 ut
901 1577 1045 1661 injurias
1064 1597 1147 1642 suas
1170 1578 1361 1643 cumularet
1376 1597 1462 1641 am-

369 1677 507 1760 pliores,
538 1677 694 1743 diadema
727 1679 800 1742 sine
838 1676 1069 1742 ecclesiastica
1102 1679 1306 1742 auctoritate
1337 1678 1461 1759 impo-

368 1775 492 1853 nendo,
520 1778 690 1856 asseruit3
727 1775 816 1841 unde
849 1795 972 1860 papam
1003 1774 1238 1841 Alexandrum
1268 1784 1304 1840 et
1330 1794 1462 1840 omnes

369 1873 509 1958 Angliae
531 1876 692 1959 praelatos
713 1876 779 1940 sibi
801 1876 931 1940 creavit
943 1875 1106 1940 inimicos.
1152 1875 1346 1940 Haroldum
1364 1895 1459 1958 quo·

368 1993 436 2057 que
459 1995 575 2058 regem
597 1973 794 2057 Norwagiae
819 1993 897 2038 cum
925 1973 1016 2039 mille
1044 1975 1188 2039 navibus
1215 1974 1458 2039 adversarium

368 2073 434 2138 sibi
460 2081 692 2139 occurrentem
722 2093 784 2138 rex
810 2072 988 2138 Haroldus
1012 2072 1151 2152 devicit,
1177 2073 1267 2138 unde
1288 2074 1459 2156 snperbia
1554 2073 1557 2077 ’

369 2171 480 2237 elatus
509 2192 590 2238 snos
619 2174 800 2256 oppressit.
850 2171 931 2237 Jam
962 2171 1073 2237 factus
1101 2172 1145 2237 de
1172 2192 1252 2254 rege
1280 2179 1457 2256 tyrannus

358 2270 455 2352 ,nihil
480 2271 646 2355 depacto
670 2273 760 2336 inter
784 2290 822 2336 se
847 2279 883 2337 et
903 2272 1023 2336 ducem
1045 2270 1255 2336 Willelmum
1278 2271 1456 2337 Norman-

370 2389 451 2433 num
471 2370 553 2434 olim
574 2372 796 2436 sacramentis
820 2371 954 2436 firmato
976 2370 1163 2452 cogitabat.
1208 2370 1320 2435 Auxit
1333 2378 1455 2436 autem

370 2469 586 2534 securitatem
603 2469 678 2554 ejus
694 2489 785 2535 mors
801 2469 882 2535 filie
894 2469 1071 2547 Willelmi,
1087 2488 1190 2552 quam
1205 2468 1295 2534 infra
1315 2470 1454 2534 nubiles

371 2585 480 2633 annos
511 2567 746 2651 desponderat.
807 2568 938 2633 Audito
973 2576 1140 2651 praeterea
1170 2589 1211 2634 eo
1239 2568 1330 2651 quod
1359 2568 1454 2633 idem

281 2734 285 2743 ,
371 2666 565 2732 Willelmns
597 2667 721 2732 ducum
752 2668 1036 2732 conterminorum
1070 2668 1168 2733 bellis
1197 2667 1310 2733 fuerat
1335 2668 1451 2751 implie

370 2774 480 2843 catus,
499 2767 609 2830 minas
629 2766 704 2851 ejus
724 2785 899 2849 nunquam
917 2766 960 2830 ad
981 2767 1109 2832 famum
1129 2772 1309 2849 erupturas
1331 2786 1451 2850 spera·

369 2867 441 2931 bat.
492 2865 749 2932 Sacramentum
774 2885 868 2943 vero,
897 2865 988 2949 quod
1014 2866 1051 2930 in
1082 2867 1285 2932 necessitate
1310 2865 1451 2944 iecerat,

371 2965 517 3031 asseruit
541 2986 609 3032 non
633 2985 709 3031 esse
735 2965 931 3043 tenendum,
956 2985 1034 3029 cnm
1058 2984 1199 3048 regnum
1227 2986 1297 3031 non
1321 2973 1452 3051 posset,

372 3064 542 3130 Edwardo
565 3064 676 3130 adhuc
699 3085 780 3147 rege
803 3066 952 3142 vivente,
975 3084 1037 3129 nec
1064 3063 1158 3142 dare,
1182 3083 1245 3129 nec
1269 3066 1345 3149 ipso
1366 3065 1451 3129 illud

371 3163 530 3244 cuiqnam
554 3162 738 3227 concedere
759 3164 976 3241 inconsult03
1007 3162 1067 3227 sed
1090 3163 1184 3227 aliud
1207 3162 1396 3242 Haroldus,
1416 3172 1453 3229 et

373 3259 567 3324 Willelmus
589 3259 682 3323 aliud
702 3261 880 3340 cogitavit.
924 3259 1018 3325 Nam
1043 3263 1198 3344 protinus
1223 3282 1299 3327 cnm
1325 3261 1454 3327 Harol·

372 3358 453 3422 dnm
477 3358 640 3441 cognovit
661 3357 852 3423 diademate
877 3357 1081 3436 redimitum,
1106 3381 1168 3444 per
1193 3362 1331 3427 nuntios
1357 3363 1453 3427 illum

372 3457 495 3523 leniter
504 3457 546 3522 de
560 3464 661 3540 rupto
671 3456 800 3522 loedere
815 3457 1017 3541 increpavit,
1030 3458 1202 3526 affirmans
1217 3462 1453 3527 comminando

374 3564 455 3621 unte
475 3575 603 3620 annum
624 3574 700 3621 sese
723 3556 874 3622 debitum
892 3564 1116 3637 exacturum3
1142 3567 1263 3625 contra
1277 3560 1453 3625 Haroldus

374 3674 436 3739 per
467 3655 602 3720 eosdem
632 3655 764 3737 legatos
794 3655 976 3739 praedictos
1003 3657 1177 3724 Willelmo
1210 3659 1288 3724 duci
1323 3660 1453 3725 remisit

375 3753 625 3820 excusationes.
677 3753 800 3837 Legati
833 3763 948 3820 antem
984 3757 1132 3822 inaniter
1164 3766 1375 3825 revertentes
1409 3759 1452 3823 ad

374 3853 524 3938 propria,
543 3853 663 3918 ducem
682 3852 951 3919 Normannicnm
967 3856 1174 3922 conveniunt
1193 3859 1229 3921 in
1248 3858 1323 3922 haec
1339 3860 1453 3937 verba,

374 3953 547 4019 ‘Nuntiat
563 3953 659 4018 vobis
680 3971 743 4017 rex
761 3951 953 4036 Anglorum
973 3954 1161 4034 Haroldus,
1179 3957 1270 4038 quod
1289 3958 1455 4023 veraciter

375 4055 578 4118 necessitate
596 4052 803 4136 compulsus,
827 4053 965 4136 qnando
984 4054 1087 4119 filiam
1105 4062 1255 4120 vestram
1269 4055 1455 4139 desponsa·

375 4160 474 4217 verat
491 4153 526 4215 in
552 4151 776 4228 Normannia‚
798 4170 942 4232 regnum
963 4153 1026 4218 tibi
1045 4153 1177 4237 jurarit
1200 4154 1454 4238 Anglicanum3

377 4250 438 4315 sed
464 4259 583 4316 contra
608 4250 673 4315 hoo
699 4249 833 4327 asserit,
860 4259 1014 4316 coactum
1036 4252 1268 4336 juramentum
1292 4273 1362 4318 non
1383 4275 1457 4321 esse
1563 4283 1566 4287 ⁴

378 4349 638 4414 observandum.
690 4348 782 4413 Nam
798 4350 828 4413 si
841 4357 959 4415 votnm
975 4351 1030 4415 vel
1049 4351 1289 4435 jusjurandum
1311 4354 1402 4438 quod
1421 4356 1457 4418 in

379 4449 480 4514 domo
504 4449 624 4531 patris,
652 4448 848 4532 parentibus
872 4450 1085 4529 inconsultis,
1110 4452 1225 4533 puella
1250 4453 1293 4518 de
1316 4473 1458 4538 corpore
