3334 5734
584 755 781 804 unorlouss
804 757 936 807 vsrlls.

224 877 280 916 ΗΘ.
302 878 355 917 ΠΙ.

213 936 288 1017 427,
306 943 358 1018 12,
367 950 498 1026 peraeto
505 964 559 1027 pe-
604 940 648 1006 ad
663 949 837 1026 peractam
852 944 1176 1027 peregrinationem.

356 1042 560 1127 requirentium

212 1163 285 1240 429,
323 1164 353 1240 6,
373 1163 528 1250 Tolpmos
605 1160 778 1228 Thaneos.

210 1322 261 1333 —
304 1287 356 1364 26,
373 1299 509 1353 enneae
606 1292 788 1351 momento.

209 1446 259 1457 —
302 1408 354 1487 27,
369 1410 544 1476 eltromora'
605 1408 697 1474 ultra
713 1430 852 1476 morem.

211 1535 284 1608 431,
300 1534 352 1609 29,
370 1534 532 1619 adjmee
606 1532 780 1598 adunavit.

211 1658 284 1733 433,
304 1658 355 1733 15,
372 1657 461 1742 pas
605 1655 692 1721 aaa.

211 1820 261 1833 -
304 1780 355 1858 29,
364 1789 556 1864 pomum..
605 1788 822 1864 prospectum
907 1779 1076 1846 diffundit.

368 1878 558 1960 defunditur

211 2040 262 2054 ·-
304 2003 356 2079 31,
370 2000 473 2066 arbem
490 2050 498 2065 .
518 2052 555 2069 ..
606 2002 698 2066 orbis
726 2022 749 2068 a
782 2002 987 2068 christianis
1020 2003 1173 2069 obsessio
1207 2004 1300 2070 facta

371 2100 504 2167 odridm
626 2100 701 2167 fuit.

211 2226 284 2302 435,
324 2228 355 2303 4,
369 2236 548 2292 merem
606 2223 649 2290 In
662 2224 721 2291 the
736 2225 874 2291 Cotton.
892 2226 968 2291 MS.
984 2246 1042 2292 are
1055 2227 1204 2293 inserted
1219 2227 1299 2293 bere

625 2324 684 2389 tbe
709 2326 822 2390 rubrio
845 2326 913 2391 and
937 2325 1079 2411 chapter
1102 2326 1297 2410 following:

626 2423 692 2489 ‘In
710 2425 916 2508 imaginibus
940 2425 1157 2492 historiarum
1172 2427 1299 2510 reperi·

627 2533 684 2588 tur
712 2544 802 2591 anno
834 2524 899 2589 hoo
929 2526 1109 2609 prophetia
1141 2526 1297 2594 Danielis

628 2623 1012 2709 constantinopolitani.
1062 2624 1190 2691 ‘Anno
1229 2644 1298 2709 quo

627 2723 844 2790 annuntiatio
863 2724 1003 2790 Domini
1023 2725 1058 2788 in
1079 2724 1134 2789 die
1152 2724 1297 2791 Pasobae

627 2824 815 2906 continget,
826 2823 951 2889 Franci
963 2825 1204 2889 restaurabunt
1214 2823 1299 2889 'l'er-

628 2941 702 2986 ram
727 2921 982 2999 Promissionis,
1011 2933 1046 2986 et
1074 2923 1298 2987 stabulabunt

628 3039 735 3104 equos
752 3040 835 3086 suos
850 3022 886 3085 in
905 3021 1079 3087 Palmaria
1094 3022 1137 3086 de
1154 3022 1297 3099 Baldao,

627 3127 664 3185 et
680 3118 786 3202 figent
801 3120 951 3186 tentoria
964 3139 1029 3185 sua
1038 3121 1131 3185 ultra
1142 3122 1299 3186 arborem

626 3220 764 3296 siccam,
784 3227 821 3284 et
835 3219 952 3284 lolium
974 3222 1182 3303 separabunt
1199 3239 1221 3284 a
1238 3222 1298 3286 tri·

626 3318 718 3384 tico’
768 3318 824 3383 On
840 3319 899 3383 tbe
915 3319 1048 3402 margin
1066 3321 1101 3383 in
1117 3321 1159 3385 B.

210 3485 262 3497 -
325 3447 356 3520 8,
373 3448 555 3513 Auum...
603 3443 848 3510 desum-The
875 3444 1000 3510 second
1025 3443 1161 3510 volume
1183 3446 1224 3512 os
1241 3445 1299 3511 tbe

269 3544 555 3615 MOLXXXIX.
627 3543 832 3627 Cambridge
850 3543 927 3609 MS.
944 3544 1065 3627 begins
1083 3543 1176 3610 bere.

209 3709 260 3720 —
305 3669 356 3745 20,
374 3667 497 3754 duplis
507 3677 536 3732 et
607 3665 798 3750 Anglornm
812 3674 849 3732 et
862 3685 905 3732 ea
921 3666 1082 3731 feraliter.

377 3789 428 3831 eus

209 3892 284 3967 436,
322 3894 350 3968 1,
360 3890 560 3977 inpediretur
606 3886 838 3970 expediretur.

209 4050 261 4060 —
321 4018 353 4090 3,
365 4015 546 4080 redemtore
604 4009 692 4076 deaei.

207 4171 261 4183 —
305 4138 357 4213 10,
375 4136 541 4200 Cantauri-
606 4135 804 4219 Eodemque
833 4140 987 4217 tempore
1014 4131 1217 4196 transmissa
1247 4139 1300 4196 est

371 4234 557 4300 ouri..Bol·
628 4233 824 4319 hujusmodi
836 4232 981 4317 epistola
992 4229 1232 4297 cantuariensi
1247 4249 1302 4294 ar-

371 4334 489 4400 demiuo
627 4333 868 4428 obiepisoopo:
903 4330 1167 4396 ‘cantuariensi
1191 4329 1302 4395 arebl-

627 4433 787 4518 episeopo
803 4432 1014 4496 Baldewino.

206 4596 259 4610 -
303 4558 357 4634 22,
373 4564 540 4621 aomar
606 4561 754 4620 constat.
