3334 5734
378 745 445 813 294
748 761 947 813 urcrrortus
969 763 1100 814 visis.

395 888 452 926 PAO.
476 887 528 925 uit.

384 952 456 1029 300,
475 951 526 1027 20,
543 946 716 1036 wopam
774 951 824 1015 sic
839 952 905 1016 sibi
918 957 1025 1017 totam
1043 950 1257 1036 subjugaret.

383 1115 434 1130 -
477 1075 529 1151 21,
544 1071 718 1137 Mammi-
776 1094 933 1140 asserens
955 1075 1014 1160 jus
1038 1093 1139 1139 suum
1161 1074 1193 1138 ei
1217 1073 1474 1152 auxiliaturum,

548 1171 731 1237 los...eoo=·
800 1175 998 1258 viribusque
1027 1173 1160 1238 martiis
1188 1193 1257 1239 uon
1288 1173 1476 1239 destituen-

549 1272 644 1337 eitcm
799 1273 893 1339 dum.
943 1273 1101 1359 Cumque
1125 1273 1320 1339 haesitasset
1339 1273 1476 1339 Maree-

800 1373 910 1438 callus
956 1375 999 1439 de
1041 1392 1209 1440 consensu
1251 1373 1477 1457 proditorum,

802 1474 927 1538 timens
954 1493 1023 1539 uon
1052 1474 1143 1539 vires
1175 1473 1236 1538 sed
1260 1473 1399 1538 fraudes
1427 1474 1478 1537 in·

801 1580 902 1637 natas
933 1572 1229 1651 Hibernieusibus,
1266 1581 1302 1638 et
1331 1572 1474 1637 libraret

802 1673 945 1738 rationis
978 1673 1109 1738 uotiua
1138 1681 1282 1738 eventus
1313 1671 1475 1737 fortuitos

801 1772 981 1851 bellorum,
1046 1771 1224 1856 respoudit
1283 1770 1476 1849 Galfridus,

804 1872 919 1951 ‘Quid
949 1873 1077 1938 timest
1115 1871 1321 1937 credendum
1353 1880 1407 1936 est
1440 1879 1477 1936 te

802 1991 976 2055 nunquam
1003 1971 1108 2036 inisse
1134 1971 1242 2036 filium
1265 1971 1476 2037 victoriosis·

802 2072 881 2136 simi
909 2070 1075 2137 Willelmi
1102 2071 1229 2136 veteris
1261 2070 1472 2149 Marescaili,

803 2171 864 2254 qui
891 2170 1157 2254 irrumpentibus
1194 2170 1351 2236 hostibus
1386 2190 1475 2236 uun·

802 2288 907 2354 quarn
939 2269 1033 2336 dedit
1059 2277 1167 2353 terga.
1217 2269 1308 2335 Ecce
1331 2270 1476 2335 victoria

801 2388 865 2453 pro
882 2369 1032 2450 foribus;
1055 2389 1135 2435 ecce
1146 2370 1205 2455 jus
1218 2378 1316 2435 tuum
1331 2370 1476 2448 avitum,

802 2467 896 2551 quod
907 2475 943 2534 te
954 2470 1125 2552 contingit
1136 2470 1217 2555 jure
1227 2469 1366 2550 lineari3
1384 2470 1475 2553 quod

803 2568 923 2633 invicti
964 2576 1199 2634 antecessores
1233 2567 1295 2646 tui,
1335 2569 1397 2653 qui
1436 2570 1479 2634 de

804 2667 1020 2750 Strangbove
1041 2688 1233 2751 cognomen
1259 2675 1478 2753 acceperunt,

804 2775 942 2833 strenue
966 2769 1257 2852 conquisiverunt.
1309 2767 1476 2852 Nunqnid

804 2866 927 2951 incipis
954 2867 1161 2950 degenerare
1169 2868 1197 2933 l’
1249 2867 1478 2933 Marescallus

802 2985 886 3032 vero
912 2967 966 3031 his
994 2968 1120 3045 verbis,
1151 2987 1192 3032 ac
1222 2967 1252 3032 si
1277 2968 1412 3033 ratione
1437 2988 1478 3033 ac

802 3065 870 3131 tide
908 3066 1120 3145 fulcirentur,
1159 3067 1259 3132 fldem
1302 3067 1478 3146 adhibens,

803 3159 938 3231 erectus
956 3167 991 3231 iu
1009 3167 1261 3246 confidentiam,
1285 3186 1347 3251 per
1369 3174 1477 3233 totam

803 3272 929 3330 terram
949 3285 1046 3331 suam
1067 3266 1239 3351 proiectus
1263 3276 1329 3346 est,
1346 3270 1477 3334 exerci-

805 3373 879 3430 tum
894 3384 1120 3449 congregans,

388 3522 439 3534 —
482 3483 534 3563 27,
552 3485 687 3551 aliorum
784 3488 1050 3555 Hiberneusium
1065 3490 1121 3554 vel
1137 3489 1293 3555 aliorum.

387 3650 438 3663 -
481 3610 533 3686 30,
550 3607 692 3675 «Montes
779 3612 872 3678 addit
899 3612 1022 3691 Paris,
1046 3614 1149 3679 immo
1174 3613 1273 3698 quasi
1302 3612 1478 3697 fulguran-

803 3720 872 3778 tem
886 3713 1070 3797 procellam
1085 3713 1316 3778 formidantes.

388 3872 439 3886 -
483 3831 597 3910 31,ad
612 3831 678 3898 loeo
781 3837 1040 3922 locapeteutes.

390 3958 465 4034 301,
506 3959 536 4035 1,
545 3978 711 4043 prepara·
782 3960 875 4027 addit
909 3961 1032 4041 Paria,
1057 3962 1220 4027 habentes
1247 3960 1373 4026 milites
1400 3980 1475 4025 eeu·

552 4054 626 4123 luat
804 4073 879 4126 tum
901 4070 937 4127 et
952 4063 1146 4146 sexaginta,
1166 4061 1299 4145 pedites
1315 4059 1385 4126 duo
1406 4059 1475 4125 mil·

805 4159 866 4239 lia,
877 4180 954 4225 cum
970 4163 1075 4226 armis
1091 4163 1172 4227 suis.

388 4314 438 4327 -
504 4280 738 4446 zm
782 4284 970 4369 majoribus
984 4285 1155 4370 pollicitis.

546 4400 577 4443 m

386 4535 438 4548 —
481 4504 533 4579 25,
541 4504 624 4588 fecit
783 4508 922 4574 iaciens.
