3334 5734
388 780 452 845 168
755 799 952 846 cncrrosus
975 798 1105 848 viarm.

388 981 573 1057 intellecto,
598 988 634 1045 et
650 1001 712 1045 rex
734 982 857 1045 librum
874 1000 976 1064 quem
994 982 1193 1063 inspexerat
1210 982 1347 1058 clausit,
1374 981 1473 1046 sedit-

389 1100 455 1164 que
469 1080 558 1144 enim
573 1078 617 1144 ad
635 1081 804 1163 pulpitum
818 1100 916 1144 snum
935 1080 1090 1159 studens,
1104 1083 1158 1145 vir
1172 1089 1276 1147 aetate
1292 1090 1329 1146 et
1345 1089 1474 1146 statura

390 1180 578 1255 mediocris,
602 1189 637 1244 et
652 1190 754 1262 gestu
771 1189 927 1244 maturus
954 1190 990 1244 et
1012 1181 1127 1244 verbis
1149 1180 1331 1257 facundus,
1354 1190 1392 1245 et
1416 1183 1477 1244 cir·

390 1286 616 1361 cumspectus.
667 1279 812 1345 Etcum
837 1280 1011 1363 paulisper
1030 1280 1130 1361 quasi
1153 1300 1269 1344 secum
1286 1279 1477 1344 deliberans

390 1378 629 1461 respondisset,
657 1379 811 1444 modeste
833 1378 934 1457 dixit,
962 1378 1098 1444 ‘Modo
1130 1379 1265 1463 inspexi
1291 1379 1416 1444 librum
1441 1379 1475 1442 in

391 1476 516 1543 Graeco
533 1476 697 1560 scriptum
715 1478 894 1562 cujusdam
914 1476 1029 1543 Graeci
1051 1478 1217 1562 sapientis
1236 1487 1273 1544 et
1292 1478 1476 1544 Christiani

392 1577 526 1642 nomine
554 1576 668 1654 Pauli,
694 1577 793 1662 cujus
814 1585 914 1643 actus
941 1585 977 1643 et
1003 1578 1110 1642 verba
1134 1578 1216 1642 mihi
1239 1579 1369 1661 optime
1392 1597 1476 1642 com·

392 1677 539 1760 placent,
557 1684 592 1741 et
608 1684 749 1759 acceptu
764 1696 774 1756 3
799 1697 904 1741 unum
928 1684 1043 1741 tamen
1059 1676 1102 1741 de
1118 1677 1194 1760 ipso
1210 1677 1293 1741 mihi
1310 1677 1477 1761 displicet,

392 1776 484 1859 quod
499 1776 535 1840 in
550 1776 626 1857 lege
640 1777 704 1840 sub
721 1795 791 1859 qua
810 1785 913 1841 natus
938 1785 1013 1841 erat
1030 1796 1097 1840 non
1118 1777 1228 1854 stetit,
1255 1777 1316 1841 sed
1343 1776 1389 1840 ad
1413 1777 1477 1841 alie

392 1885 556 1959 tanquam
573 1875 753 1958 transfuga
772 1883 807 1941 et
821 1877 1022 1940 inconstans
1037 1876 1180 1942 evolvit.
1231 1876 1278 1940 Et
1293 1876 1330 1939 id
1347 1876 1425 1941 dico
1438 1876 1477 1941 de

392 1975 529 2039 domino
556 1985 671 2039 vestro
697 1974 888 2057 Anglorum
916 1994 1009 2058 rege,
1035 1976 1095 2058 qui
1123 1975 1242 2040 relicta
1269 1976 1425 2059 piissima
1444 1986 1476 2040 et

393 2074 615 2139 mundissima
643 2074 718 2156 lege
751 2075 1035 2151 Christianorum,
1066 2076 1131 2139 sub
1164 2095 1234 2158 qua
1264 2077 1475 2152 nascebatur,

392 2194 511 2240 cereus
527 2182 562 2239 et
576 2175 746 2239 instabilis
760 2174 876 2257 gliscit
888 2175 1123 2239 transmeare.'
1164 2174 1210 2238 Et
1224 2174 1369 2251 addidit,
1386 2174 1476 2239 ‘No

393 2274 445 2339 vit
463 2275 523 2356 qui
545 2274 630 2339 nihil
655 2275 793 2357 ignorat
820 2274 917 2338 Deus
942 2274 1170 2356 omnipotens,
1192 2276 1223 2338 si
1239 2274 1343 2338 exlex
1358 2293 1474 2351 essem,

392 2372 486 2436 illam
511 2392 583 2455 pree
608 2375 764 2438 omnibns
790 2373 950 2455 eligerem
972 2382 1008 2437 et
1036 2381 1218 2456 acceptans
1243 2373 1476 2457 amplexarer!

394 2471 523 2536 Postea
551 2491 633 2538 vero
666 2472 919 2551 sciscitabatur,
947 2471 1046 2556 cujus
1072 2473 1276 2538 conditionis
1302 2480 1396 2538 esset
1418 2493 1475 2537 rex

393 2570 532 2652 Angliaa
549 2579 584 2637 et
600 2590 741 2654 regnum
765 2571 861 2656 ejus;
887 2572 1063 2655 respondit
1079 2571 1243 2650 Thomas,
1258 2578 1380 2655 utpote
1397 2592 1477 2636 nnn-

393 2671 519 2734 tinrum
540 2670 811 2749 facundissimus,
828 2672 999 2755 ‘Egregie
1020 2680 1055 2737 et
1081 2672 1229 2755 ingenue
1254 2673 1369 2737 atavis
1394 2673 1476 2754 regi·

392 2770 456 2833 bns
481 2770 615 2853 magnis
638 2780 849 2854 procreatus,
870 2779 964 2836 terra
984 2771 1060 2855 ejus
1081 2772 1244 2856 opulenta
1264 2779 1300 2836 et
1316 2772 1389 2836 suis
1404 2791 1476 2835 con-

394 2875 490 2934 tenta
505 2869 615 2948 bonis,
638 2871 794 2947 culturis,
818 2871 956 2954 pascuis
978 2878 1014 2935 et
1030 2872 1127 2936 silvis
1151 2871 1314 2936 abundat.
1367 2870 1421 2935 Ex
1438 2891 1476 2935 ea

394 2969 496 3034 etiam
513 2989 613 3034 omne
629 2988 738 3051 genus
753 2970 969 3035 metallorum
986 2971 1101 3036 studio
1116 2970 1281 3035 conflatili
1298 2970 1474 3054 eliquatur.

395 3067 490 3134 Gens
505 3077 625 3135 nostra
638 3071 794 3153 speciosa
810 3079 846 3134 et
860 3070 1039 3153 ingeniosa
1052 3071 1160 3135 tribus
1181 3070 1289 3153 pollet
1311 3069 1474 3135 idiomati-

394 3169 458 3233 bus
474 3169 619 3247 erudita,
633 3170 764 3234 scilicet
785 3168 922 3248 Latino,
947 3167 1095 3248 Gallico,
1108 3177 1143 3233 et
1155 3167 1318 3252 Anglico,
1334 3177 1371 3235 et
1387 3170 1475 3235 omni

395 3275 469 3332 arte
483 3268 616 3333 liberali
631 3277 666 3333 et
678 3268 877 3335 mechanica
900 3269 1034 3352 plenius
1049 3269 1194 3333 erudita.
1245 3268 1477 3333 Veruntamen

395 3367 570 3431 vinearum
595 3375 656 3433 aut
673 3367 842 3433 olivarum
865 3369 999 3451 copiam
1020 3389 1065 3433 ex
1089 3388 1127 3433 se
1153 3377 1246 3433 terra
1267 3376 1388 3434 nostra
1412 3388 1476 3432 nou

395 3465 565 3548 producit,
579 3486 641 3531 nec
656 3467 814 3546 abietem,
828 3467 889 3532 sed
904 3487 946 3532 ea
967 3487 1012 3532 ex
1031 3469 1150 3534 ricinis
1169 3468 1366 3550 regionibus
1389 3487 1477 3533 com-

397 3565 521 3628 mercin
543 3566 608 3630 sibi
629 3567 777 3649 acquirit
797 3567 1022 3633 abundanter.
1073 3566 1145 3632 Aer
1165 3567 1312 3632 salubris
1338 3575 1375 3633 et
1396 3574 1478 3632 tem-

396 3670 559 3747 peratus3
586 3665 676 3729 inter
691 3665 900 3731 occidentem
919 3667 988 3731 sita
1004 3674 1039 3732 et
1055 3668 1335 3749 septentrionem,
1358 3668 1402 3731 ab
1420 3686 1476 3731 oc·

396 3762 529 3827 uidente
560 3764 720 3842 calorem,
757 3785 778 3830 a
812 3767 1043 3850 septentrione
1072 3786 1211 3831 sumens
1244 3766 1476 3849 frigiditatem,

398 3864 594 3945 temperiem
611 3864 753 3928 sortitur
769 3865 1011 3948 gratissimam.
1047 3865 1206 3948 Undique
1219 3865 1308 3929 mari
1321 3866 1477 3941 vallatur,

397 3964 488 4028 unde
504 3962 691 4028 insularum
706 3966 826 4046 regina
840 3965 964 4030 meruit
977 3964 1154 4049 appellari.
1200 3964 1362 4047 Regnum
1379 3966 1477 4029 etiam

398 4063 442 4126 ab
460 4064 600 4127 inuncto
619 4070 655 4127 et
677 4072 841 4130 coronato
862 4065 1090 4146 gubernatum
1111 4066 1318 4148 abantiquo
1339 4063 1475 4128 liberum

398 4181 474 4226 esse
489 4162 701 4244 dignoscitur
716 4172 752 4228 et
768 4165 966 4246 ingenuum,
978 4165 1021 4229 ad
1037 4163 1163 4228 nullius
1177 4172 1405 4247 praeterquam
1416 4163 1477 4227 Dei

396 4269 556 4344 spectans
569 4262 844 4327 dominationem.
885 4264 1041 4330 Ecclesia
1055 4263 1158 4327 etiam
1176 4270 1212 4327 et
1229 4271 1357 4328 nostrae
1371 4263 1478 4327 cultus

396 4360 570 4442 religionis
592 4361 773 4445 plusquam
799 4363 834 4426 in
859 4364 976 4446 aliqua
997 4362 1114 4427 mundi
1132 4371 1231 4446 parte
1252 4363 1378 4427 ibidem
1403 4378 1477 4444 pro·-

397 4467 566 4542 speratur‚
590 4479 630 4523 ac
657 4462 839 4545 papalibus
858 4471 894 4527 et
911 4463 1015 4545 regiis
1040 4462 1173 4544 legibus
1197 4462 1341 4545 pacifice
1359 4462 1480 4543 guber·

397 4560 521 4622 natur.’
571 4559 700 4626 Tracta
724 4562 830 4644 igitur
855 4564 900 4627 ab
926 4563 998 4629 altu
1022 4561 1236 4645 praecordiali
1249 4562 1409 4646 suspirio,
1429 4579 1479 4624 re·
