3334 5734
566 799 764 849 nncrronus
786 799 919 849 venun.
1216 781 1282 848 211

188 923 245 963 m.
278 923 333 963 ult.

212 988 242 1064 6,
301 983 331 1064 7,
346 986 481 1072 Ouaque
585 985 678 1052 Dum
711 1006 794 1052 vero
825 984 1007 1051 fortunalis
1044 986 1121 1051 alea
1152 992 1281 1051 statum

352 1085 538 1152 Μυκη
605 1087 701 1169 regni
717 1085 855 1169 Angliac
871 1086 996 1151 talibus
1013 1085 1205 1151 turbinibus
1222 1106 1281 1151 ex·

353 1184 524 1259 comdantr
606 1187 766 1268 agitaret,
775 1186 933 1251 dominus
944 1206 1036 1271 papa
1045 1186 1280 1265 Innocentius,

353 1285 463 1371 quidus
606 1307 708 1370 quem
723 1287 919 1352 vacillantis
942 1287 1095 1353 ecclesiae
1112 1305 1196 1351 cura
1212 1285 1281 1351 sol·

607 1386 774 1464 licitnbat,
805 1384 950 1469 effigiem
980 1385 1096 1451 vultus
1130 1385 1282 1464 Domini,

607 1506 685 1571 qnae
701 1485 875 1551 Veronioa
889 1485 1026 1565 dicitur,
1037 1492 1077 1551 ut
1093 1487 1198 1551 moris
1215 1493 1281 1564 est,

608 1586 650 1651 de
666 1586 811 1651 ecclesia
823 1586 934 1651 sancti
949 1585 1045 1650 Petri
1063 1605 1182 1650 versus
1205 1583 1281 1650 bos·

607 1686 714 1769 pitale
751 1685 872 1751 Sancti
906 1685 1054 1768 Spiritus
1089 1690 1283 1749 reverenter

608 1806 685 1851 cunr
718 1786 936 1869 processione
963 1783 1151 1869 bajulabat.
1203 1782 1283 1863 Qua

608 1894 760 1969 peracta,
772 1885 849 1970 ipsa
864 1884 1004 1967 effigies,
1021 1884 1102 1948 dum
1117 1884 1153 1948 iu
1168 1883 1281 1948 locum

608 2005 707 2050 suurn
724 1993 976 2069 apportaretur,
998 2003 1035 2049 se
1054 2003 1116 2066 per
1129 2003 1167 2048 se
1179 2002 1282 2067 gyru-

609 2086 671 2150 bat
686 2093 726 2150 nt
747 2104 847 2150 verso
867 2078 976 2150 staret
992 2083 1122 2160 ordine,
1142 2083 1195 2147 ita
1218 2083 1284 2148 sci-

609 2183 702 2262 licet,
723 2192 763 2250 ut
777 2184 872 2249 frons
890 2184 1044 2261 iuferius,
1058 2184 1166 2247 barba
1179 2202 1281 2265 supe·

609 2284 681 2347 rius
696 2283 878 2349 locaretur.
930 2282 1031 2363 Quod
1049 2283 1149 2347 nimis
1162 2283 1283 2347 abbor-

610 2402 690 2447 rcns
704 2384 860 2449 dominus
876 2402 978 2465 papa,
995 2381 1137 2447 credidit
1148 2382 1232 2447 illud
1247 2382 1284 2447 in

610 2483 708 2548 triste
731 2484 797 2548 sibi
825 2484 1031 2566 praesagium
1059 2481 1226 2561 evenisse,
1247 2490 1283 2547 et

609 2588 649 2647 nt
664 2583 797 2666 plenius
811 2582 887 2647 Deo
903 2583 1191 2661 reconciliaretur,
1204 2603 1284 2648 con-

607 2681 689 2746 silio
721 2682 878 2760 fratrum,
906 2684 942 2747 in
979 2682 1142 2748 bonorem
1172 2682 1282 2765 ipsius

610 2779 746 2864 effigiei,
760 2802 837 2865 quaa
850 2780 1168 2860 Veronicadicitnr,
1176 2800 1283 2865 quan-

609 2880 689 2945 dam
711 2884 900 2947 orationem
930 2882 1123 2966 composuit
1147 2880 1283 2962 elegan-

609 2988 690 3058 tem,
707 2983 763 3047 cui
775 2982 902 3066 adjecit
913 2982 1084 3065 quendam
1099 2980 1283 3065 psalmum,

608 3100 687 3145 cnm
697 3081 900 3165 quibusdam
913 3080 1102 3160 versiculis,
1117 3089 1152 3145 et
1163 3081 1282 3146 eadem

608 3181 799 3246 dicentibus
821 3180 938 3245 decem
965 3180 1095 3245 dierum
1115 3182 1283 3246 concessit

608 3281 870 3363 indulgentiam,
897 3281 948 3345 ita
971 3280 1113 3359 scilicet,
1136 3288 1176 3345 ut
1196 3300 1281 3362 quo·

609 3381 811 3464 tiescunque
831 3387 1018 3465 repetatur,
1037 3381 1141 3446 toties
1157 3379 1283 3445 dicenti

608 3481 810 3546 tantundem
843 3482 1065 3564 indulgentiae
1098 3474 1282 3546 ¹conceda·

610 3587 676 3645 tur.

655 3679 865 3746 Praeseutem
880 3688 994 3745 nutem
1011 3680 1189 3745 historiam
1205 3700 1282 3763 pro·

608 3789 792 3865 sequentes
814 3781 1001 3846 reseramus
1021 3780 1105 3864 quid
1132 3779 1282 3845 Lodovi·

609 3899 728 3946 censes
755 3888 839 3945 tunc
864 3881 1039 3964 temporis,
1072 3887 1189 3963 spreto
1218 3879 1284 3943 Dei
1400 3912 1405 3925 ·

230 4102 420 4171 wammam]
440 4107 470 4157 C.
482 4105 547 4156 adds
557 4106 726 4168 bere,‘b1nlti
751 4107 798 4156 tui.
824 4106 950 4156 Dominus
958 4105 1017 4155 ded.
1052 4106 1126 4156 Deus
1136 4106 1285 4158 mberutur

194 4175 274 4238 lgltor
290 4176 394 4226 eandem
413 4178 549 4226 orationem
570 4191 628 4226 cnm
650 4177 727 4238 pcrti-
751 4177 980 4239 uosui,etcaetera.
1015 4175 1113 4226 Gloria.
1141 4177 1285 4239 Kyrieele-

194 4246 287 4295 uentiis
297 4247 422 4296 memorias
433 4246 647 4307 commendarunt,
657 4251 691 4307 et,
699 4250 728 4296 ut
751 4260 820 4296 eson.
848 4246 926 4307 Kyrie
940 4245 1049 4295 elceoou.
1077 4245 1156 4308 Kyrle
1174 4247 1283 4300 eleesoa.

194 4329 240 4365 eos
255 4317 336 4378 mutor
345 4316 493 4367 accenderet
502 4316 612 4378 devotio,
622 4316 728 4379 picturis
753 4316 831 4366 Pater
841 4321 933 4366 nmter.
970 4315 1004 4365 Et
1017 4330 1083 4366 mea.
1116 4316 1168 4366 Fac
1186 4331 1283 4367 mecum

194 4386 347 4447 efflarunt,
366 4386 413 4435 boc
431 4386 514 4437 modo.
550 4385 604 4450 [lbi
619 4387 727 4448 spatimn
753 4387 854 4449 signum
873 4387 900 4435 iu
917 4386 1019 4448 bonam
1038 4390 1067 4436 ut
1084 4385 1192 4437 rideam.
1226 4388 1284 4438 Tibi

194 4456 542 4519 lnporgumeusreliuquitur
557 4470 603 4519 pro
620 4456 728 4519 pictura,
753 4457 827 4507 dixit.
864 4456 915 4507 Cor
935 4456 1066 4506 muudum.
1087 4455 1123 4507 is.
1142 4471 1178 4507 nr.
1195 4456 1246 4507 fac.
1262 4462 1283 4507 t.

194 4530 254 4588 post
269 4526 337 4588 quod
354 4527 464 4588 spatium
482 4527 574 4577 lterum
592 4519 728 4595 aequitas]
754 4526 889 4577 Mutuus.
904 4526 981 4589 asp.
997 4527 1286 4579 QunriteDomiuuraet

195 4595 328 4658 Signatum
344 4601 383 4645 est
399 4610 531 4659 supernos
547 4596 631 4646 lumen
644 4595 729 4645 vultus
754 4596 941 4646 confirmamini.
967 4596 1149 4650 odibant.
1177 4597 1284 4660 Orapra

1136 4689 1183 4735 Η
