<?xml version="1.0" encoding="UTF-8"?>
<!DOCTYPE html PUBLIC "-//W3C//DTD XHTML 1.0 Transitional//EN"
    "http://www.w3.org/TR/xhtml1/DTD/xhtml1-transitional.dtd">
<html xmlns="http://www.w3.org/1999/xhtml" xml:lang="en" lang="en">
 <head>
  <title>
</title>
<meta http-equiv="Content-Type" content="text/html;charset=utf-8" />
  <meta name='ocr-system' content='tesseract 3.04.00' />
  <meta name='ocr-capabilities' content='ocr_page ocr_carea ocr_par ocr_line ocrx_word'/>
</head>
<body>
  <div class='ocr_page' id='page_1' title='image "appendixadroger01parigoog_0235.png"; bbox 0 0 3334 5734; ppageno 0'>
   <div class='ocr_carea' id='block_1_1' title="bbox 579 770 1303 838">
    <p class='ocr_par' dir='ltr' id='par_1_1' title="bbox 579 770 1303 838">
     <span class='ocr_line' id='line_1_1' title="bbox 579 770 1303 838; baseline 0 -2"><span class='ocrx_word' id='word_1_1' title='bbox 579 787 777 837; x_wconf 69' lang='lat' dir='ltr'>arenianes</span> <span class='ocrx_word' id='word_1_2' title='bbox 800 787 933 838; x_wconf 66' lang='lat' dir='ltr'>varin.</span> <span class='ocrx_word' id='word_1_3' title='bbox 1235 770 1303 837; x_wconf 76' lang='grc'>215</span> 
     </span>
    </p>
   </div>
   <div class='ocr_carea' id='block_1_2' title="bbox 204 913 350 954">
    <p class='ocr_par' dir='ltr' id='par_1_2' title="bbox 204 913 350 954">
     <span class='ocr_line' id='line_1_2' title="bbox 204 913 350 954; baseline 0.007 -3"><span class='ocrx_word' id='word_1_4' title='bbox 204 914 262 954; x_wconf 74' lang='lat' dir='ltr'>m.</span> <span class='ocrx_word' id='word_1_5' title='bbox 297 913 350 952; x_wconf 69' lang='lat' dir='ltr'>UH·</span> 
     </span>
    </p>
   </div>
   <div class='ocr_carea' id='block_1_3' title="bbox 208 973 1300 1140">
    <p class='ocr_par' dir='ltr' id='par_1_3' title="bbox 208 973 1300 1140">
     <span class='ocr_line' id='line_1_3' title="bbox 208 973 1300 1140; baseline -0.005 -97"><span class='ocrx_word' id='word_1_6' title='bbox 208 980 261 1056; x_wconf 83' lang='lat'>23,</span> <span class='ocrx_word' id='word_1_7' title='bbox 319 979 501 1066; x_wconf 48' lang='lat' dir='ltr'>annaque</span> <span class='ocrx_word' id='word_1_8' title='bbox 603 975 754 1140; x_wconf 57' lang='lat' dir='ltr'>agdiqlnee</span> <span class='ocrx_word' id='word_1_9' title='bbox 746 1023 784 1139; x_wconf 57' lang='lat' dir='ltr'>ll]</span> <span class='ocrx_word' id='word_1_10' title='bbox 800 982 837 1040; x_wconf 86' lang='lat' dir='ltr'>et</span> <span class='ocrx_word' id='word_1_11' title='bbox 846 994 984 1042; x_wconf 83' lang='lat' dir='ltr'>versum</span> <span class='ocrx_word' id='word_1_12' title='bbox 1001 973 1106 1040; x_wconf 79' lang='lat' dir='ltr'>estin</span> <span class='ocrx_word' id='word_1_13' title='bbox 1122 993 1200 1040; x_wconf 86' lang='lat' dir='ltr'>eum</span> <span class='ocrx_word' id='word_1_14' title='bbox 1217 992 1300 1058; x_wconf 85' lang='lat' dir='ltr'>pon·</span> 
     </span>
     <span class='ocr_line' id='line_1_4' title="bbox 649 1095 796 1139; baseline 0 0"><span class='ocrx_word' id='word_1_15' title='bbox 649 1095 690 1139; x_wconf 79' lang='lat' dir='ltr'>ns</span> <span class='ocrx_word' id='word_1_16' title='bbox 786 1121 796 1139; x_wconf 85' lang='grc'><strong><em>.</em></strong></span> 
     </span>
    </p>
   </div>
   <div class='ocr_carea' id='block_1_4' title="bbox 206 1196 868 1384">
    <p class='ocr_par' dir='ltr' id='par_1_4' title="bbox 206 1196 868 1384">
     <span class='ocr_line' id='line_1_5' title="bbox 206 1196 868 1285; baseline -0.005 -17"><span class='ocrx_word' id='word_1_17' title='bbox 206 1243 259 1254; x_wconf 94' lang='grc'><strong>-</strong></span> <span class='ocrx_word' id='word_1_18' title='bbox 323 1196 353 1277; x_wconf 80' lang='lat'>7,</span> <span class='ocrx_word' id='word_1_19' title='bbox 364 1206 553 1285; x_wconf 67' lang='lat' dir='ltr'>quaternae...</span> <span class='ocrx_word' id='word_1_20' title='bbox 605 1207 644 1266; x_wconf 89' lang='lat' dir='ltr'>nt</span> <span class='ocrx_word' id='word_1_21' title='bbox 661 1247 670 1264; x_wconf 91' lang='lat'><strong>.</strong></span> <span class='ocrx_word' id='word_1_22' title='bbox 689 1206 868 1285; x_wconf 62' lang='lat' dir='ltr'>..possen</span> 
     </span>
     <span class='ocr_line' id='line_1_6' title="bbox 364 1298 513 1384; baseline 0.007 -22"><span class='ocrx_word' id='word_1_23' title='bbox 364 1298 513 1384; x_wconf 60' lang='lat' dir='ltr'>pomam</span> 
     </span>
    </p>
   </div>
   <div class='ocr_carea' id='block_1_5' title="bbox 206 1421 1303 2429">
    <p class='ocr_par' dir='ltr' id='par_1_5' title="bbox 206 1421 1303 2321">
     <span class='ocr_line' id='line_1_7' title="bbox 206 1421 1287 1508; baseline 0.001 -23"><span class='ocrx_word' id='word_1_24' title='bbox 206 1465 259 1476; x_wconf 91' lang='lat'>-</span> <span class='ocrx_word' id='word_1_25' title='bbox 322 1423 555 1501; x_wconf 77' lang='lat' dir='ltr'>8‚aen...Aa·</span> <span class='ocrx_word' id='word_1_26' title='bbox 604 1422 753 1506; x_wconf 80' lang='lat' dir='ltr'>Anglico</span> <span class='ocrx_word' id='word_1_27' title='bbox 769 1424 873 1488; x_wconf 87' lang='lat' dir='ltr'>alicui</span> <span class='ocrx_word' id='word_1_28' title='bbox 890 1442 1107 1508; x_wconf 82' lang='lat' dir='ltr'>nequaquam</span> <span class='ocrx_word' id='word_1_29' title='bbox 1119 1421 1287 1487; x_wconf 85' lang='lat' dir='ltr'>redderet.</span> 
     </span>
     <span class='ocr_line' id='line_1_8' title="bbox 206 1643 1301 1728; baseline -0.002 -17"><span class='ocrx_word' id='word_1_30' title='bbox 206 1684 259 1696; x_wconf 94' lang='lat'>—</span> <span class='ocrx_word' id='word_1_31' title='bbox 302 1649 353 1725; x_wconf 88' lang='grc'>10,</span> <span class='ocrx_word' id='word_1_32' title='bbox 369 1647 554 1711; x_wconf 76' lang='lat' dir='ltr'>ineam...</span> <span class='ocrx_word' id='word_1_33' title='bbox 605 1644 648 1709; x_wconf 85' lang='lat' dir='ltr'>de</span> <span class='ocrx_word' id='word_1_34' title='bbox 664 1644 839 1726; x_wconf 79' lang='lat' dir='ltr'>regalibus</span> <span class='ocrx_word' id='word_1_35' title='bbox 854 1651 889 1709; x_wconf 91' lang='lat' dir='ltr'>et</span> <span class='ocrx_word' id='word_1_36' title='bbox 909 1665 971 1728; x_wconf 84' lang='lat' dir='ltr'>per</span> <span class='ocrx_word' id='word_1_37' title='bbox 986 1643 1174 1709; x_wconf 87' lang='lat' dir='ltr'>oculariam</span> <span class='ocrx_word' id='word_1_38' title='bbox 1191 1643 1301 1726; x_wconf 68' lang='lat' dir='ltr'>galee</span> 
     </span>
     <span class='ocr_line' id='line_1_9' title="bbox 370 1743 1301 1828; baseline -0.002 -17"><span class='ocrx_word' id='word_1_39' title='bbox 370 1767 431 1811; x_wconf 80' lang='lat' dir='ltr'>aea</span> <span class='ocrx_word' id='word_1_40' title='bbox 444 1745 542 1811; x_wconf 69' lang='lat' dir='ltr'>odida</span> <span class='ocrx_word' id='word_1_41' title='bbox 627 1751 733 1827; x_wconf 87' lang='lat' dir='ltr'>caput</span> <span class='ocrx_word' id='word_1_42' title='bbox 766 1744 843 1828; x_wconf 81' lang='lat' dir='ltr'>ejus</span> <span class='ocrx_word' id='word_1_43' title='bbox 880 1744 1085 1828; x_wconf 86' lang='lat' dir='ltr'>perforando</span> <span class='ocrx_word' id='word_1_44' title='bbox 1125 1743 1301 1809; x_wconf 84' lang='lat' dir='ltr'>cerebrum</span> 
     </span>
     <span class='ocr_line' id='line_1_10' title="bbox 627 1841 1302 1927; baseline 0.001 -19"><span class='ocrx_word' id='word_1_45' title='bbox 627 1841 759 1922; x_wconf 81' lang='lat' dir='ltr'>effudit,</span> <span class='ocrx_word' id='word_1_46' title='bbox 787 1851 824 1908; x_wconf 84' lang='lat' dir='ltr'>et</span> <span class='ocrx_word' id='word_1_47' title='bbox 847 1846 982 1923; x_wconf 85' lang='lat' dir='ltr'>merito,</span> <span class='ocrx_word' id='word_1_48' title='bbox 1013 1844 1096 1927; x_wconf 89' lang='lat' dir='ltr'>quia</span> <span class='ocrx_word' id='word_1_49' title='bbox 1124 1862 1187 1926; x_wconf 86' lang='lat' dir='ltr'>per</span> <span class='ocrx_word' id='word_1_50' title='bbox 1208 1862 1302 1909; x_wconf 84' lang='lat' dir='ltr'>oere-</span> 
     </span>
     <span class='ocr_line' id='line_1_11' title="bbox 627 1943 1301 2028; baseline -0.003 -18"><span class='ocrx_word' id='word_1_51' title='bbox 627 1944 727 2010; x_wconf 87' lang='lat' dir='ltr'>brnm</span> <span class='ocrx_word' id='word_1_52' title='bbox 766 1943 880 2008; x_wconf 86' lang='lat' dir='ltr'>dictus</span> <span class='ocrx_word' id='word_1_53' title='bbox 918 1963 1011 2028; x_wconf 76' lang='lat' dir='ltr'>saepe</span> <span class='ocrx_word' id='word_1_54' title='bbox 1042 1943 1231 2027; x_wconf 83' lang='lat' dir='ltr'>pejeravit3</span> <span class='ocrx_word' id='word_1_55' title='bbox 1265 1948 1301 2008; x_wconf 86' lang='lat' dir='ltr'>et</span> 
     </span>
     <span class='ocr_line' id='line_1_12' title="bbox 627 2042 1303 2108; baseline 0 -2"><span class='ocrx_word' id='word_1_56' title='bbox 627 2061 789 2107; x_wconf 74' lang='lat' dir='ltr'>cennens</span> <span class='ocrx_word' id='word_1_57' title='bbox 813 2044 850 2107; x_wconf 90' lang='lat' dir='ltr'>in</span> <span class='ocrx_word' id='word_1_58' title='bbox 876 2051 1002 2108; x_wconf 77' lang='lat' dir='ltr'>terram</span> <span class='ocrx_word' id='word_1_59' title='bbox 1026 2062 1088 2108; x_wconf 87' lang='lat' dir='ltr'>nec</span> <span class='ocrx_word' id='word_1_60' title='bbox 1113 2042 1227 2108; x_wconf 86' lang='lat' dir='ltr'>Deum</span> <span class='ocrx_word' id='word_1_61' title='bbox 1249 2042 1303 2106; x_wconf 90' lang='lat' dir='ltr'>in·</span> 
     </span>
     <span class='ocr_line' id='line_1_13' title="bbox 627 2141 1300 2209; baseline 0.001 -3"><span class='ocrx_word' id='word_1_62' title='bbox 627 2143 765 2208; x_wconf 82' lang='lat' dir='ltr'>vocavit</span> <span class='ocrx_word' id='word_1_63' title='bbox 780 2162 842 2207; x_wconf 87' lang='lat' dir='ltr'>nec</span> <span class='ocrx_word' id='word_1_64' title='bbox 853 2144 956 2209; x_wconf 84' lang='lat' dir='ltr'>etiam</span> <span class='ocrx_word' id='word_1_65' title='bbox 970 2143 1112 2208; x_wconf 88' lang='lat' dir='ltr'>verbnm</span> <span class='ocrx_word' id='word_1_66' title='bbox 1128 2141 1222 2207; x_wconf 84' lang='lat' dir='ltr'>ultra</span> <span class='ocrx_word' id='word_1_67' title='bbox 1231 2160 1300 2207; x_wconf 89' lang='lat' dir='ltr'>non</span> 
     </span>
     <span class='ocr_line' id='line_1_14' title="bbox 627 2241 1301 2321; baseline 0 -15"><span class='ocrx_word' id='word_1_68' title='bbox 627 2241 746 2321; x_wconf 82' lang='lat' dir='ltr'>edidit,</span> <span class='ocrx_word' id='word_1_69' title='bbox 777 2242 839 2307; x_wconf 81' lang='lat' dir='ltr'>sed</span> <span class='ocrx_word' id='word_1_70' title='bbox 862 2244 899 2308; x_wconf 90' lang='lat' dir='ltr'>in</span> <span class='ocrx_word' id='word_1_71' title='bbox 926 2261 1059 2308; x_wconf 82' lang='lat' dir='ltr'><strong>summo</strong></span> <span class='ocrx_word' id='word_1_72' title='bbox 1090 2261 1234 2308; x_wconf 79' lang='lat' dir='ltr'>rancore</span> <span class='ocrx_word' id='word_1_73' title='bbox 1264 2249 1301 2307; x_wconf 86' lang='lat' dir='ltr'>et</span> 
     </span>
    </p>

    <p class='ocr_par' dir='ltr' id='par_1_6' title="bbox 625 2341 1250 2429">
     <span class='ocr_line' id='line_1_15' title="bbox 625 2341 1250 2429; baseline 0.003 -24"><span class='ocrx_word' id='word_1_74' title='bbox 625 2343 787 2429; x_wconf 76' lang='lat' dir='ltr'>snperbia</span> <span class='ocrx_word' id='word_1_75' title='bbox 802 2341 847 2408; x_wconf 88' lang='lat' dir='ltr'>ad</span> <span class='ocrx_word' id='word_1_76' title='bbox 863 2341 991 2408; x_wconf 81' lang='lat' dir='ltr'>inferos</span> <span class='ocrx_word' id='word_1_77' title='bbox 1006 2342 1250 2427; x_wconf 77' lang='lat' dir='ltr'>peregrinavit.</span> 
     </span>
    </p>
   </div>
   <div class='ocr_carea' id='block_1_6' title="bbox 204 2465 1215 2800">
    <p class='ocr_par' dir='ltr' id='par_1_7' title="bbox 204 2465 1215 2800">
     <span class='ocr_line' id='line_1_16' title="bbox 204 2465 690 2560; baseline 0.004 -32"><span class='ocrx_word' id='word_1_78' title='bbox 204 2515 256 2528; x_wconf 84' lang='lat'><em>-</em></span> <span class='ocrx_word' id='word_1_79' title='bbox 300 2476 351 2552; x_wconf 83' lang='lat'>13,</span> <span class='ocrx_word' id='word_1_80' title='bbox 361 2473 531 2560; x_wconf 63' lang='lat' dir='ltr'>phalam</span> <span class='ocrx_word' id='word_1_81' title='bbox 601 2465 690 2531; x_wconf 66' lang='lat' dir='ltr'>daei.</span> 
     </span>
     <span class='ocr_line' id='line_1_17' title="bbox 204 2590 718 2684; baseline 0.006 -23"><span class='ocrx_word' id='word_1_82' title='bbox 204 2641 257 2654; x_wconf 93' lang='grc'><strong>-</strong></span> <span class='ocrx_word' id='word_1_83' title='bbox 301 2596 352 2677; x_wconf 85' lang='grc'>17,</span> <span class='ocrx_word' id='word_1_84' title='bbox 362 2597 449 2663; x_wconf 68' lang='lat' dir='ltr'>illias</span> <span class='ocrx_word' id='word_1_85' title='bbox 457 2606 554 2684; x_wconf 71' lang='lat' dir='ltr'>perte</span> <span class='ocrx_word' id='word_1_86' title='bbox 601 2590 718 2657; x_wconf 66' lang='lat' dir='ltr'>demi·</span> 
     </span>
     <span class='ocr_line' id='line_1_18' title="bbox 204 2715 1215 2800; baseline 0.005 -23"><span class='ocrx_word' id='word_1_87' title='bbox 204 2764 257 2777; x_wconf 89' lang='lat'>..</span> <span class='ocrx_word' id='word_1_88' title='bbox 300 2725 351 2800; x_wconf 87' lang='lat'>19,</span> <span class='ocrx_word' id='word_1_89' title='bbox 364 2721 446 2787; x_wconf 71' lang='lat' dir='ltr'>cairo</span> <span class='ocrx_word' id='word_1_90' title='bbox 457 2721 554 2787; x_wconf 77' lang='lat' dir='ltr'>eolait</span> <span class='ocrx_word' id='word_1_91' title='bbox 603 2723 638 2781; x_wconf 85' lang='lat' dir='ltr'>et</span> <span class='ocrx_word' id='word_1_92' title='bbox 654 2715 798 2781; x_wconf 81' lang='lat' dir='ltr'>festinus</span> <span class='ocrx_word' id='word_1_93' title='bbox 814 2716 915 2780; x_wconf 80' lang='lat' dir='ltr'>nimia</span> <span class='ocrx_word' id='word_1_94' title='bbox 930 2715 1025 2781; x_wconf 81' lang='lat' dir='ltr'>exire</span> <span class='ocrx_word' id='word_1_95' title='bbox 1038 2715 1215 2782; x_wconf 79' lang='lat' dir='ltr'>voluisset.</span> 
     </span>
    </p>
   </div>
   <div class='ocr_carea' id='block_1_7' title="bbox 203 2839 1276 2935">
    <p class='ocr_par' dir='ltr' id='par_1_8' title="bbox 203 2839 1276 2935">
     <span class='ocr_line' id='line_1_19' title="bbox 203 2839 1276 2935; baseline -0.001 -32"><span class='ocrx_word' id='word_1_96' title='bbox 203 2890 255 2903; x_wconf 87' lang='lat'>..</span> <span class='ocrx_word' id='word_1_97' title='bbox 299 2851 350 2925; x_wconf 79' lang='lat'>25,</span> <span class='ocrx_word' id='word_1_98' title='bbox 364 2849 444 2935; x_wconf 54' lang='grc' dir='ltr'>κρῖ,</span> <span class='ocrx_word' id='word_1_99' title='bbox 601 2839 694 2905; x_wconf 64' lang='lat' dir='ltr'>addit</span> <span class='ocrx_word' id='word_1_100' title='bbox 711 2839 957 2919; x_wconf 80' lang='lat' dir='ltr'>Pa1is.,fracta</span> <span class='ocrx_word' id='word_1_101' title='bbox 972 2859 1090 2905; x_wconf 85' lang='lat' dir='ltr'>eorum</span> <span class='ocrx_word' id='word_1_102' title='bbox 1106 2839 1276 2924; x_wconf 77' lang='lat' dir='ltr'>superbia.</span> 
     </span>
    </p>
   </div>
   <div class='ocr_carea' id='block_1_8' title="bbox 203 2965 691 3052">
    <p class='ocr_par' dir='ltr' id='par_1_9' title="bbox 203 2965 691 3052">
     <span class='ocr_line' id='line_1_20' title="bbox 203 2965 691 3052; baseline 0.002 -16"><span class='ocrx_word' id='word_1_103' title='bbox 203 3009 255 3022; x_wconf 91' lang='lat'><em>-</em></span> <span class='ocrx_word' id='word_1_104' title='bbox 298 2974 349 3052; x_wconf 85' lang='grc'>26,</span> <span class='ocrx_word' id='word_1_105' title='bbox 365 2982 467 3038; x_wconf 72' lang='lat' dir='ltr'>tamea</span> <span class='ocrx_word' id='word_1_106' title='bbox 600 2965 691 3030; x_wconf 62' lang='lat' dir='ltr'>dom·</span> 
     </span>
    </p>
   </div>
   <div class='ocr_carea' id='block_1_9' title="bbox 205 3085 1297 3252">
    <p class='ocr_par' dir='ltr' id='par_1_10' title="bbox 205 3085 1297 3252">
     <span class='ocr_line' id='line_1_21' title="bbox 205 3085 1297 3174; baseline -0.001 -23"><span class='ocrx_word' id='word_1_107' title='bbox 205 3138 256 3151; x_wconf 83' lang='lat'><em>-</em></span> <span class='ocrx_word' id='word_1_108' title='bbox 300 3094 351 3174; x_wconf 85' lang='grc'>27,</span> <span class='ocrx_word' id='word_1_109' title='bbox 366 3104 395 3160; x_wconf 76' lang='lat' dir='ltr'>et</span> <span class='ocrx_word' id='word_1_110' title='bbox 409 3095 514 3160; x_wconf 69' lang='lat' dir='ltr'>camis</span> <span class='ocrx_word' id='word_1_111' title='bbox 601 3086 694 3152; x_wconf 64' lang='lat' dir='ltr'>addit</span> <span class='ocrx_word' id='word_1_112' title='bbox 722 3085 846 3164; x_wconf 73' lang='lat' dir='ltr'>Paria,</span> <span class='ocrx_word' id='word_1_113' title='bbox 875 3087 936 3170; x_wconf 92' lang='lat' dir='ltr'>qui</span> <span class='ocrx_word' id='word_1_114' title='bbox 965 3106 1003 3152; x_wconf 79' lang='lat' dir='ltr'>se</span> <span class='ocrx_word' id='word_1_115' title='bbox 1033 3085 1231 3153; x_wconf 78' lang='lat' dir='ltr'>manifestet</span> <span class='ocrx_word' id='word_1_116' title='bbox 1260 3088 1297 3152; x_wconf 91' lang='lat' dir='ltr'>in</span> 
     </span>
     <span class='ocr_line' id='line_1_22' title="bbox 624 3187 1011 3252; baseline 0 0"><span class='ocrx_word' id='word_1_117' title='bbox 624 3187 769 3252; x_wconf 85' lang='lat' dir='ltr'>articulo</span> <span class='ocrx_word' id='word_1_118' title='bbox 786 3187 1011 3252; x_wconf 75' lang='lat' dir='ltr'><strong>necessitatis.</strong></span> 
     </span>
    </p>
   </div>
   <div class='ocr_carea' id='block_1_10' title="bbox 205 3310 1295 3505">
    <p class='ocr_par' dir='ltr' id='par_1_11' title="bbox 205 3310 1295 3505">
     <span class='ocr_line' id='line_1_23' title="bbox 205 3310 1295 3399; baseline 0.005 -26"><span class='ocrx_word' id='word_1_119' title='bbox 205 3361 256 3373; x_wconf 89' lang='lat'>...</span> <span class='ocrx_word' id='word_1_120' title='bbox 300 3322 353 3399; x_wconf 77' lang='lat'>28,</span> <span class='ocrx_word' id='word_1_121' title='bbox 366 3319 550 3384; x_wconf 61' lang='lat' dir='ltr'>mma..</span> <span class='ocrx_word' id='word_1_122' title='bbox 601 3311 768 3376; x_wconf 80' lang='lat' dir='ltr'>evasisset</span> <span class='ocrx_word' id='word_1_123' title='bbox 784 3310 867 3394; x_wconf 87' lang='lat' dir='ltr'>quin</span> <span class='ocrx_word' id='word_1_124' title='bbox 883 3331 943 3394; x_wconf 86' lang='lat' dir='ltr'>per</span> <span class='ocrx_word' id='word_1_125' title='bbox 957 3312 1058 3394; x_wconf 78' lang='lat' dir='ltr'>gulas</span> <span class='ocrx_word' id='word_1_126' title='bbox 1075 3312 1226 3378; x_wconf 79' lang='lat' dir='ltr'>universi</span> <span class='ocrx_word' id='word_1_127' title='bbox 1240 3331 1295 3377; x_wconf 87' lang='lat' dir='ltr'>ca·</span> 
     </span>
     <span class='ocr_line' id='line_1_24' title="bbox 357 3409 1077 3505; baseline -0.011 -21"><span class='ocrx_word' id='word_1_128' title='bbox 357 3417 543 3505; x_wconf 61' lang='lat' dir='ltr'>petenham</span> <span class='ocrx_word' id='word_1_129' title='bbox 621 3419 793 3495; x_wconf 76' lang='lat' dir='ltr'>petentur.</span> <span class='ocrx_word' id='word_1_130' title='bbox 846 3409 937 3491; x_wconf 85' lang='lat' dir='ltr'>Quid</span> <span class='ocrx_word' id='word_1_131' title='bbox 953 3411 1077 3495; x_wconf 65' lang='lat' dir='ltr'>plura?</span> 
     </span>
    </p>
   </div>
   <div class='ocr_carea' id='block_1_11' title="bbox 203 3535 1296 3721">
    <p class='ocr_par' dir='ltr' id='par_1_12' title="bbox 203 3535 1296 3721">
     <span class='ocr_line' id='line_1_25' title="bbox 203 3535 1296 3622; baseline -0.007 -14"><span class='ocrx_word' id='word_1_132' title='bbox 203 3584 255 3598; x_wconf 90' lang='lat'><em>-</em></span> <span class='ocrx_word' id='word_1_133' title='bbox 297 3545 352 3622; x_wconf 77' lang='lat'>34,</span> <span class='ocrx_word' id='word_1_134' title='bbox 366 3540 412 3607; x_wconf 70' lang='lat' dir='ltr'>ia·</span> <span class='ocrx_word' id='word_1_135' title='bbox 427 3590 436 3607; x_wconf 85' lang='lat'><strong>.</strong></span> <span class='ocrx_word' id='word_1_136' title='bbox 449 3588 459 3606; x_wconf 83' lang='lat'><strong>.</strong></span> <span class='ocrx_word' id='word_1_137' title='bbox 472 3588 481 3605; x_wconf 84' lang='lat'><strong>.</strong></span> <span class='ocrx_word' id='word_1_138' title='bbox 493 3589 502 3605; x_wconf 92' lang='lat'><strong><em>.</em></strong></span> <span class='ocrx_word' id='word_1_139' title='bbox 516 3541 553 3605; x_wconf 73' lang='lat' dir='ltr'>in</span> <span class='ocrx_word' id='word_1_140' title='bbox 600 3555 664 3620; x_wconf 88' lang='lat' dir='ltr'>pro</span> <span class='ocrx_word' id='word_1_141' title='bbox 675 3535 842 3618; x_wconf 71' lang='lat' dir='ltr'>pertinaci</span> <span class='ocrx_word' id='word_1_142' title='bbox 859 3536 1019 3618; x_wconf 81' lang='lat' dir='ltr'>snperbia</span> <span class='ocrx_word' id='word_1_143' title='bbox 1030 3554 1094 3600; x_wconf 86' lang='lat' dir='ltr'>sua</span> <span class='ocrx_word' id='word_1_144' title='bbox 1105 3535 1153 3600; x_wconf 88' lang='lat' dir='ltr'>ibi</span> <span class='ocrx_word' id='word_1_145' title='bbox 1164 3554 1296 3602; x_wconf 85' lang='lat' dir='ltr'>reman-</span> 
     </span>
     <span class='ocr_line' id='line_1_26' title="bbox 369 3634 1178 3721; baseline -0.01 -15"><span class='ocrx_word' id='word_1_146' title='bbox 369 3651 513 3706; x_wconf 72' lang='lat' dir='ltr'><em>aetomm</em></span> <span class='ocrx_word' id='word_1_147' title='bbox 623 3635 670 3700; x_wconf 79' lang='lat' dir='ltr'>sit</span> <span class='ocrx_word' id='word_1_148' title='bbox 685 3636 722 3699; x_wconf 91' lang='lat' dir='ltr'>in</span> <span class='ocrx_word' id='word_1_149' title='bbox 737 3634 938 3700; x_wconf 86' lang='lat' dir='ltr'>hodiernum</span> <span class='ocrx_word' id='word_1_150' title='bbox 955 3655 1064 3721; x_wconf 72' lang='lat' dir='ltr'>neque</span> <span class='ocrx_word' id='word_1_151' title='bbox 1078 3634 1178 3700; x_wconf 87' lang='lat' dir='ltr'>diem.</span> 
     </span>
    </p>
   </div>
   <div class='ocr_carea' id='block_1_12' title="bbox 202 3758 883 4593">
    <p class='ocr_par' dir='ltr' id='par_1_13' title="bbox 202 3758 883 4219">
     <span class='ocr_line' id='line_1_27' title="bbox 204 3758 796 3846; baseline -0.01 -14"><span class='ocrx_word' id='word_1_152' title='bbox 204 3770 259 3846; x_wconf 79' lang='lat'>24,</span> <span class='ocrx_word' id='word_1_153' title='bbox 319 3768 350 3845; x_wconf 89' lang='grc'>6,</span> <span class='ocrx_word' id='word_1_154' title='bbox 367 3765 538 3832; x_wconf 57' lang='lat' dir='ltr'>Choma</span> <span class='ocrx_word' id='word_1_155' title='bbox 600 3758 796 3827; x_wconf 83' lang='lat' dir='ltr'>Cheinduit.</span> 
     </span>
     <span class='ocr_line' id='line_1_28' title="bbox 203 3883 853 3968; baseline -0.005 -17"><span class='ocrx_word' id='word_1_156' title='bbox 203 3928 255 3942; x_wconf 92' lang='lat'><em>-</em></span> <span class='ocrx_word' id='word_1_157' title='bbox 318 3889 350 3964; x_wconf 88' lang='grc'>8,</span> <span class='ocrx_word' id='word_1_158' title='bbox 365 3886 489 3952; x_wconf 64' lang='lat' dir='ltr'>ementi</span> <span class='ocrx_word' id='word_1_159' title='bbox 601 3883 853 3968; x_wconf 80' lang='lat' dir='ltr'>quadringenti.</span> 
     </span>
     <span class='ocr_line' id='line_1_29' title="bbox 202 4007 883 4087; baseline -0.003 -15"><span class='ocrx_word' id='word_1_160' title='bbox 202 4051 255 4062; x_wconf 92' lang='lat'>-</span> <span class='ocrx_word' id='word_1_161' title='bbox 299 4008 552 4087; x_wconf 54' lang='lat' dir='ltr'>lidemonium</span> <span class='ocrx_word' id='word_1_162' title='bbox 603 4007 883 4074; x_wconf 78' lang='lat' dir='ltr'>Crokeadensem.</span> 
     </span>
     <span class='ocr_line' id='line_1_30' title="bbox 202 4134 716 4219; baseline 0 -22"><span class='ocrx_word' id='word_1_163' title='bbox 202 4169 253 4181; x_wconf 91' lang='lat'>-</span> <span class='ocrx_word' id='word_1_164' title='bbox 298 4136 350 4210; x_wconf 83' lang='grc'>15,</span> <span class='ocrx_word' id='word_1_165' title='bbox 358 4141 509 4219; x_wconf 65' lang='lat' dir='ltr'>praem</span> <span class='ocrx_word' id='word_1_166' title='bbox 601 4134 716 4199; x_wconf 85' lang='lat' dir='ltr'>etiarn.</span> 
     </span>
    </p>

    <p class='ocr_par' dir='ltr' id='par_1_14' title="bbox 202 4257 800 4461">
     <span class='ocr_line' id='line_1_31' title="bbox 202 4257 800 4337; baseline -0.003 -13"><span class='ocrx_word' id='word_1_167' title='bbox 202 4300 254 4314; x_wconf 90' lang='lat'><em>-</em></span> <span class='ocrx_word' id='word_1_168' title='bbox 297 4261 352 4337; x_wconf 89' lang='grc'>30,</span> <span class='ocrx_word' id='word_1_169' title='bbox 365 4258 517 4323; x_wconf 73' lang='lat' dir='ltr'>anaariie</span> <span class='ocrx_word' id='word_1_170' title='bbox 601 4257 800 4324; x_wconf 81' lang='lat' dir='ltr'>almariolis.</span> 
     </span>
     <span class='ocr_line' id='line_1_32' title="bbox 202 4382 741 4461; baseline -0.002 -13"><span class='ocrx_word' id='word_1_171' title='bbox 202 4419 254 4432; x_wconf 92' lang='lat'>—</span> <span class='ocrx_word' id='word_1_172' title='bbox 297 4384 349 4461; x_wconf 84' lang='grc'>32,</span> <span class='ocrx_word' id='word_1_173' title='bbox 364 4384 460 4448; x_wconf 68' lang='lat' dir='ltr'>onmia</span> <span class='ocrx_word' id='word_1_174' title='bbox 601 4382 741 4447; x_wconf 85' lang='lat' dir='ltr'>diversi.</span> 
     </span>
    </p>

    <p class='ocr_par' dir='ltr' id='par_1_15' title="bbox 203 4504 827 4593">
     <span class='ocr_line' id='line_1_33' title="bbox 203 4504 827 4593; baseline -0.006 -22"><span class='ocrx_word' id='word_1_175' title='bbox 203 4510 256 4584; x_wconf 86' lang='grc'>25,</span> <span class='ocrx_word' id='word_1_176' title='bbox 315 4508 344 4585; x_wconf 88' lang='grc'>6,</span> <span class='ocrx_word' id='word_1_177' title='bbox 359 4506 483 4593; x_wconf 67' lang='lat' dir='ltr'>Auyle‘ae</span> <span class='ocrx_word' id='word_1_178' title='bbox 602 4505 724 4572; x_wconf 82' lang='lat' dir='ltr'>vasalli</span> <span class='ocrx_word' id='word_1_179' title='bbox 741 4504 827 4591; x_wconf 77' lang='lat' dir='ltr'>ejus.</span> 
     </span>
    </p>
   </div>
   <div class='ocr_carea' id='block_1_13' title="bbox 0 0 1672 5734">
    <p class='ocr_par' dir='ltr' id='par_1_16' title="bbox 0 0 1672 5734">
     <span class='ocr_line' id='line_1_34' title="bbox 0 0 1672 5734; baseline 0 1"><span class='ocrx_word' id='word_1_180' title='bbox 0 0 1672 5734; x_wconf 95' lang='lat' dir='ltr'> </span> 
     </span>
    </p>
   </div>
  </div>
 </body>
</html>
