3334 5734
581 799 778 847 nncuronus
802 802 934 852 vaura.
1235 789 1300 853 165

217 916 274 954 PAO.
297 918 351 957 ult.

206 979 281 1055 253,
298 982 351 1057 25,
369 981 487 1047 domini
503 1032 511 1048 .
526 1032 552 1047 ..
603 983 811 1068 Pandulplri,
839 987 870 1051 si
898 1006 1013 1053 coram
1039 989 1176 1054 domino
1205 1010 1297 1075 papa

371 1103 430 1145 esso
625 1103 712 1149 esse.

203 1203 279 1278 255,
297 1204 348 1279 21,
363 1206 554 1290 mprodiolie
601 1206 693 1271 addit
710 1207 833 1286 Paris,
856 1208 1081 1295 Pandulphus
1102 1220 1216 1278 autem
1233 1234 1294 1297 pe·

624 1307 772 1386 cuniam,
796 1328 900 1392 quam
931 1311 967 1374 in
999 1311 1132 1376 arrham
1159 1313 1294 1396 subjec-

624 1406 727 1470 tionis
742 1427 803 1472 rex
820 1409 1025 1488 contulerat,
1039 1412 1104 1475 sub
1125 1412 1211 1494 pede
1229 1432 1293 1476 suo

622 1506 849 1584 conculcavit,
877 1509 1132 1594 archiepiscopo
1158 1510 1293 1576 dolente

594 1605 657 1667 'et
669 1605 888 1671 reclamante.

204 1718 281 1798 257,
301 1725 354 1796 13,
363 1725 511 1809 pracepit
599 1726 691 1791 addit
708 1727 834 1807 Paris,
846 1729 1048 1814 juravitque
1063 1730 1293 1809 dicens,‘Per

621 1835 760 1891 sanctos
787 1829 955 1906 Franciae,
977 1830 1033 1894 vel
1055 1830 1203 1895 Francia
1227 1834 1292 1899 erit

623 1925 798 2007 Flandria,
814 1929 870 1993 vel
888 1928 1052 1993 Flandria
1067 1929 1237 1995 Francia!

203 2044 280 2118 266,
299 2047 352 2120 23,
360 2043 552 2112 abolem
598 2047 689 2113 addit
706 2048 827 2128 Paris,
847 2051 893 2116 Et
914 2051 989 2117 haec
1008 2053 1182 2117 absolutio
1198 2053 1290 2119 iacta

619 2147 685 2212 fuit
698 2149 735 2213 in
752 2151 904 2234 capitulo
920 2150 1163 2216 wintoniensi.

202 2264 279 2342 262,
294 2265 347 2341 26,
353 2266 476 2349 focem
596 2280 759 2338 moveret.

200 2388 277 2467 263,
317 2390 347 2466 6,
362 2390 538 2476 inpetravit
594 2395 820 2478 impetrasset.

199 2553 252 2564 -
295 2514 548 2601 20,t0mporeqno
595 2519 680 2602 ipso.

197 2673 251 2683 -
294 2639 345 2715 29,
363 2639 491 2704 woitari
594 2642 686 2708 addit
702 2643 940 2730 Paris.‚cujus
956 2655 1054 2710 tenor
1069 2653 1143 2711 erat
1160 2647 1251 2712 talis.

593 2768 748 2834 honores.

593 2894 854 2970 tempestatem
872 2889 906 2952 0.

594 3011 854 3111 Bituricensem.

192 3266 246 3276 —
290 3234 342 3308 10,
358 3232 546 3296 Omaormioe
594 3232 809 3299 cervianum.

192 3390 246 3401 —
290 3357 342 3433 13,
357 3356 544 3519 Zamensi-
592 3356 871 3422 Bituricensibus.

194 3580 273 3656 269,
290 3579 543 3656 lestitomamot
590 3580 748 3644 Biturum
764 3585 799 3642 et
815 3576 1050 3642 Cairasonam.

337 3678 542 3743 Cercasorum

196 3799 544 3887 271,13,eapponcrent
587 3799 676 3866 deest.

193 3967 245 3977 -
286 3923 542 3989 -Eodemaaao
589 3923 660 3989 Sub
681 3923 833 4008 ejusdem
856 3923 938 3986 anni
960 3921 1141 3999 curriculo,
1162 3922 1197 3985 in
1214 3939 1280 3985 ces·

353 4033 543 4108 ...propter
612 4030 683 4089 tate
699 4023 869 4106 sequenti,
885 4022 1046 4085 subortus
1061 4021 1160 4085 estin
1171 4020 1280 4084 Fran·

354 4131 465 4186 sancta
610 4124 664 4187 cia
674 4143 768 4187 error
777 4120 916 4205 quidam
928 4120 1082 4185 aseculis
1092 4119 1278 4185 inauditus.

359 4220 524 4311 (27216)
611 4221 760 4301 Quidam
786 4222 875 4285 enim
900 4239 997 4303 puer,
1023 4219 1121 4282 hoste
1139 4217 1280 4283 humaui

610 4321 743 4403 generis
767 4328 984 4404 procurante,
1012 4318 1071 4402 qui
1095 4336 1175 4381 vere
1195 4336 1280 4398 puer

611 4428 714 4485 aetate
729 4420 793 4484 init
809 4420 870 4485 sed
887 4419 1038 4483 moribus
1050 4417 1202 4499 pervilis,
1219 4437 1280 4499 per

609 4519 768 4584 civitates
779 4519 909 4584 vadens
922 4526 958 4582 et
969 4516 1112 4583 castella
1123 4517 1159 4580 in
1173 4535 1280 4599 regno
