3334 5734
602 778 799 829 suasiones
822 776 954 826 VARlAE.

444 1007 645 1073 Adminolius
657 1007 865 1073 Meneclium
878 1009 976 1072 metas
988 1008 1122 1094 obsepit.
1162 1019 1170 1033 '

281 1155 353 1222 Per
367 1155 457 1221 idern
475 1164 610 1240 teinpus
624 1157 697 1240 ipse
711 1176 772 1221 rex
786 1157 860 1221 sive
873 1155 1071 1221 admiralius
1082 1155 1318 1233 Murmelinus,

230 1255 362 1339 dequo
383 1256 616 1340 supradictum
638 1265 703 1333 est,
725 1275 802 1320 cum
826 1255 961 1321 infinito
985 1275 1085 1339 quem
1111 1255 1320 1321 conflaverat

231 1357 400 1433 exercitu,
425 1375 494 1421 non
514 1356 600 1433 sine,
624 1362 664 1420 ut
685 1355 822 1432 dicitur,
849 1355 941 1438 regis
965 1355 989 1419 J
992 1355 1134 1420 ohannis
1163 1374 1318 1433 assensu,

232 1454 320 1518 fines
347 1454 530 1539 Hispanias
555 1460 711 1539 potenter
735 1455 913 1520 constituit
933 1473 1120 1538 occupare3
1146 1455 1202 1519 cui
1224 1475 1321 1538 mag·

232 1573 314 1618 nam
344 1554 523 1620 audaciam
547 1554 739 1620 contulerat
762 1562 889 1618 nutans
918 1553 1002 1619 fides
1026 1555 1118 1637 regis
1149 1554 1320 1620 Jobannis

231 1654 423 1737 supradicti
444 1662 480 1719 et
496 1653 593 1737 regni
609 1653 684 1738 ejus
700 1653 930 1718 interdictum.
981 1652 1082 1732 Quod
1101 1673 1177 1718 cum
1194 1673 1322 1736 cogno-

231 1760 357 1817 verunt
390 1754 483 1836 regis
516 1752 696 1837 Hispaniae
728 1751 926 1830 Christiani,
964 1753 1090 1817 additis
1118 1754 1320 1836 quibusdam

232 1852 402 1935 praelatis,
419 1852 563 1918 viriliter
578 1853 790 1928 restiterunt,
811 1861 847 1918 et
864 1852 1025 1917 universo
1041 1851 1207 1935 dissipato
1224 1872 1323 1918 exer·

231 1951 306 2015 citu
336 1970 401 2016 suo
431 1970 454 2015 a
482 1951 607 2017 finibus
637 1950 710 2016 suis
742 1951 961 2034 fugaverunt,
991 1958 1027 2016 et
1057 1953 1320 2034 primogenitum

232 2050 343 2114 filium
375 2069 487 2128 suum,
519 2057 622 2135 capto
648 2050 756 2132 regali
786 2050 927 2128 vexillo,
948 2050 1200 2116 interemerunt
1253 2051 1322 2116 Ubi

232 2169 298 2214 rex
330 2147 548 2231 Arragonum
579 2148 802 2213 immortalem
836 2149 971 2214 laudem
1009 2151 1261 2233 promeruisset,
1292 2151 1323 2215 si

234 2268 305 2314 non
334 2248 371 2312 in
404 2248 599 2332 superbiam
628 2249 738 2313 elatus
765 2249 882 2314 statim
908 2268 930 2313 a
953 2248 1090 2313 Simone
1114 2250 1158 2314 de
1183 2249 1320 2315 Monte·

233 2348 317 2412 forti
343 2355 453 2412 totam
481 2354 619 2426 terram,
640 2367 742 2430 quam
767 2368 871 2431 super
887 2347 1090 2430 Albigenses
1114 2350 1321 2433 acquisierat

233 2449 330 2512 dese
346 2447 542 2525 tenendam,
557 2453 675 2512 contra
697 2447 959 2531 prohibitionem
975 2467 1086 2532 papae,
1108 2450 1168 2531 qui
1184 2449 1219 2513 id
1231 2449 1321 2513 idem

233 2546 487 2631 postulaverat,
513 2547 701 2630 procaciter
723 2545 918 2629 exegisset3
940 2547 1032 2612 unde
1056 2567 1215 2629 guerram
1242 2567 1321 2632 gra·

234 2665 314 2710 vem
329 2645 396 2710 sibi
411 2645 604 2712 suscitavit.

287 2744 358 2809 His
374 2763 512 2828 quoque
533 2745 754 2828 temporibus,
775 2751 856 2828 post
883 2743 966 2808 dicti
989 2745 1081 2826 regis
1104 2743 1321 2828 Arragonum

233 2844 494 2909 coronationem
526 2844 570 2907 ab
604 2843 805 2910 Innocentio
843 2861 936 2926 papa
965 2842 1092 2907 iactam
1124 2843 1258 2922 Romae
1288 2855 1323 2910 et

233 2943 476 3008 inhibitionem
504 2943 693 3008 districtam
724 2962 768 3006 ne
798 2941 943 3005 inimicis
971 2941 1049 3006 fidei
1075 2942 1241 3007 auxilium
1268 2945 1324 3009 vel

233 3043 391 3108 favorem
418 3049 568 3125 pararet,
594 3050 710 3125 spreta
736 3041 846 3125 patris
868 3042 1090 3123 correptione,
1117 3051 1197 3123 post
1215 3045 1323 3108 victo·

234 3141 325 3206 riam
356 3142 400 3206 de
433 3141 611 3206 admiralio
640 3141 847 3205 Murmelino
878 3141 1053 3204 obtentam
1082 3142 1188 3225 coepit
1212 3143 1322 3207 recal-

234 3243 375 3319 citrare,
389 3259 517 3306 nocens
532 3247 696 3324 quantum
712 3241 825 3323 potuit
841 3238 970 3304 Simoni
985 3249 1171 3304 memorato
1184 3261 1193 3321 ;
1215 3242 1323 3307 baere·

236 3341 317 3406 ticis
346 3341 467 3423 utique
492 3339 735 3422 Albigensibus
763 3338 1025 3431 confoederatus,
1052 3339 1232 3407 associatis
1258 3341 1325 3406 sibi

236 3439 435 3517 comitibus,
460 3438 550 3521 fugit
572 3448 607 3503 et
627 3438 786 3503 convenit
805 3457 883 3502 cum
906 3438 1122 3503 Tbolosanis.
1173 3440 1217 3506 R.
1240 3461 1326 3525 quo·

237 3558 307 3622 que
332 3538 375 3603 de
393 3537 535 3615 Beders,
554 3557 629 3601 eum
655 3539 725 3601 sois
741 3538 940 3616 Bederanis,
964 3545 999 3603 et
1021 3538 1064 3602 de
1091 3541 1326 3623 conprovinci-

237 3638 353 3703 alibus
384 3636 571 3701 innumeris
600 3638 808 3713 convocatis,
838 3638 992 3702 exercitu
1024 3657 1150 3720 magno
1184 3659 1326 3723 congre-

236 3744 335 3820 gato,
359 3735 446 3800 feria
466 3735 570 3800 tertia
590 3744 669 3818 post
685 3736 799 3800 natale
816 3736 927 3803 beatae
948 3736 1072 3801 Marias
1092 3737 1231 3803 Murelli
1253 3758 1325 3803 cas·

237 3844 331 3901 trum
357 3834 504 3899 obsedit.
555 3833 634 3914 Quo
667 3834 797 3911 andito,
825 3843 940 3918 patres
963 3836 1173 3900 venerabiles
1198 3837 1327 3902 Tbolo-

238 3954 358 4012 sanus,
385 3933 645 4011 Nemausensis,
666 3933 889 4016 Agatbensis,
915 3934 1115 4013 Bitereusis,
1141 3935 1326 4014 Uticensis,

238 4033 478 4109 Imtbenensis,
494 4032 771 4110 carcasonensis,
794 4042 829 4098 et
846 4032 1026 4111 Elmensis,
1048 4052 1181 4096 necnon
1204 4033 1326 4115 Maga·

235 4133 392 4199 lonensis
412 4132 576 4215 episcopi,
596 4140 632 4196 et
645 4132 688 4196 de
703 4131 847 4197 Claraoo
869 4140 904 4196 et
918 4130 1150 4213 Magna-villa
1164 4139 1199 4196 et
1215 4134 1326 4197 sancti

238 4232 357 4316 Egidii
377 4231 533 4308 abbates,
554 4238 589 4295 et
613 4230 672 4295 alii
700 4230 799 4295 multi
825 4230 981 4313 praeclari
1007 4229 1084 4304 viri,
1110 4249 1197 4313 quos
1218 4230 1326 4294 arabi-

237 4333 423 4415 episcopus
453 4329 703 4406 Narbonensis,
731 4329 930 4412 apostolicae
961 4327 1052 4392 sedis
1080 4334 1162 4392 tunc
1191 4329 1343 4411 legatus,

236 4450 352 4515 papae,
367 4430 403 4493 in
420 4428 673 4496 sancta-All
688 4430 723 4493 in
740 4427 851 4493 Paris’
873 4426 976 4492 band.
1029 4426 1131 4491 From
1149 4426 1216 4491 this
1233 4429 1329 4510 point

237 4531 275 4594 in
303 4529 363 4594 tbe
385 4527 512 4594 0.c.c.
541 4528 615 4592 MS.
639 4528 697 4593 tbe
722 4527 957 4592 continuation
986 4524 1026 4589 of
1053 4524 1110 4590 the
1138 4525 1269 4610 history
1292 4528 1328 4592 in
