3334 5734
576 781 775 831 nncrrorms
798 782 930 831 vaura.
1232 769 1298 835 253

257 965 385 1044 teralis,
406 964 584 1042 monacho,
603 964 633 1028 si
652 965 687 1028 in
705 962 861 1047 partibus
885 965 957 1028 suis
978 967 1156 1048 conceptio
1181 966 1293 1031 beatae

257 1066 380 1130 Mariae
400 1066 641 1143 celebraretur,
659 1063 846 1147 respondit,
866 1061 1087 1128 ‘celebratur
1111 1065 1242 1148 utique,
1259 1076 1295 1131 et

256 1165 330 1230 haec
344 1172 397 1230 est
411 1166 520 1245 ratio;
543 1164 636 1247 qnia,
651 1163 774 1245 angelo
794 1164 974 1228 nuntiante
989 1162 1012 1228 J
1015 1163 1147 1227 oachim
1164 1164 1294 1229 dolenti

257 1272 293 1330 et
307 1265 513 1329 inhabitanti
530 1271 612 1328 tunc
625 1263 808 1340 desertum,
825 1264 902 1345 ipsa
918 1263 1096 1346 conceptio
1120 1261 1214 1328 facta
1231 1271 1294 1329 est.

257 1364 420 1429 Similiter
439 1371 474 1428 et
487 1363 665 1446 conceptio
689 1362 782 1427 beati
801 1361 824 1427 J
827 1362 971 1427 ohannis
991 1362 1172 1445 Baptistae,
1193 1363 1295 1427 simili

257 1464 399 1528 ratione.
419 1463 473 1528 De
494 1462 714 1546 conceptione
734 1467 850 1527 autem
872 1461 1023 1539 Domini,
1037 1481 1115 1546 quae
1132 1461 1225 1527 sacta
1242 1472 1295 1528 est

258 1563 380 1645 angelo
402 1561 628 1626 annuntiante
648 1559 784 1638 Mariae,
807 1579 885 1644 quae
912 1562 1070 1645 concepit
1095 1580 1139 1625 ex
1165 1562 1295 1646 Spiritu

259 1662 397 1738 Sancto,
414 1661 500 1726 nulli
516 1661 666 1725 fidelium
682 1661 776 1725 venit
791 1660 828 1723 in
840 1660 1004 1724 dubium!
1048 1660 1118 1724 Hae
1132 1668 1202 1726 tres
1216 1682 1297 1727 con·

259 1763 433 1845 captiones
449 1761 485 1824 in
503 1760 659 1844 partibus
674 1758 861 1836 Armeniae,
882 1766 921 1823 ut
938 1761 1083 1825 asseruit
1103 1767 1139 1825 et
1156 1762 1298 1844 praedic·

260 1862 305 1926 tis
324 1860 515 1926 rationibus
530 1858 759 1936 confirmavit,
781 1858 1006 1924 celebrantur.
1058 1858 1297 1943 Interrogatus

260 1961 426 2025 similiter.

218 2110 276 2147 rte.
300 2109 352 2147 ua.

211 2185 287 2266 176,
304 2190 356 2264 at,
364 2208 428 2272 pro
440 2185 543 2252 uredi-
603 2185 891 2269 archiepiscopus,
903 2204 1058 2251 asserens
1078 2206 1149 2251 rem
1163 2195 1296 2269 gestam

414 2286 422 2302 '
625 2286 797 2364 seriatim3
823 2293 859 2349 et
890 2294 1011 2368 postea
1036 2286 1133 2349 miles
1159 2288 1297 2370 qnidam

626 2384 862 2449 Antiochenus
895 2384 937 2448 de
967 2383 1098 2448 familia
1124 2386 1211 2469 ejus,
1237 2388 1296 2470 qui

624 2484 792 2566 interpres
823 2484 917 2547 illius
946 2494 1031 2559 erat,
1061 2493 1162 2549 notus
1192 2487 1295 2551 etiam

624 2582 1298 2662 cuidamiamulodominiabbatis,Hen·

624 2683 695 2746 rico
715 2680 909 2765 Spiguruel,
929 2701 1105 2765 exponens
1123 2704 1296 2749 sermones

624 2780 729 2845 illius.

603 2901 916 2984 contemptibiliter.

604 3025 773 3105 veniam3'
804 3044 845 3089 ac
869 3026 899 3089 si
916 3024 1023 3108 juxta
1050 3027 1295 3108 evangelistam

626 3125 806 3201 diceretur,
832 3124 965 3188 ‘Filius
986 3124 1122 3208 quidem
1151 3126 1297 3192 hominis

625 3224 733 3301 vadit,
754 3225 844 3288 sicut
865 3225 1028 3307 scriptum
1047 3232 1100 3289 est
1116 3226 1159 3290 de
1173 3246 1234 3306 eo;
1258 3235 1295 3292 tu

626 3331 740 3388 autem
764 3323 951 3388 secundum
974 3323 1159 3389 adventum
1185 3346 1295 3392 meum

625 3422 866 3506 exspectabis?
958 3456 964 3465 ·

525 3595 535 3624 ,
605 3552 744 3611 aetatem
762 3545 978 3611 redeuntium
997 3564 1176 3624 annorum,
1194 3548 1297 3613 corri-

626 3645 721 3730 pitur
737 3646 836 3728 qnasi
853 3645 1033 3709 incurabili
1050 3646 1248 3713 infirmitate
1262 3656 1297 3713 et

626 3745 760 3829 rapitur
788 3745 887 3829 quasi
913 3745 949 3808 in
976 3746 1134 3825 extasim,
1158 3755 1193 3812 et
1215 3767 1297 3812 con·

628 3845 802 3910 valescens
819 3844 907 3910 redit
922 3844 1105 3910 redivivus.

211 4019 262 4032 ...
305 3980 360 4053 31,
377 3975 517 4041 carim
607 3968 787 4046 Dominus,
803 3976 843 4034 ut
860 3987 939 4033 vere
957 3969 1068 4051 possit
1088 3968 1200 4034 dicere
1219 3988 1297 4034 com

628 4066 825 4146 Psalmista,
849 4067 1074 4132 ‘Renovatur
1104 4078 1143 4132 ut
1173 4068 1297 4151 aquilae

622 4168 788 4251 juventus
803 4166 902 4231 mea!

211 4295 287 4373 178,
307 4300 359 4373 10,
374 4294 531 4360 uerborum
604 4292 696 4356 addit
718 4292 843 4369 Paris„
862 4300 897 4356 et
916 4302 1000 4356 uota
1028 4292 1297 4375 reprehensionis

627 4392 682 4457 vel
700 4392 962 4473 redargutionis.

210 4564 261 4576 -
306 4523 358 4598 13,
378 4519 495 4585 claui·
607 4514 749 4592 Christi,
764 4515 797 4578 in
816 4515 895 4596 igne
911 4514 1061 4579 seculum
1075 4515 1273 4599 judicaturi.
