3334 5734
389 660 413 725 2
757 676 953 726 cacrrouus
979 676 1111 725 vanis.

390 856 579 939 ignominia
596 853 817 921 recitabitur!
863 854 913 919 Ut
933 856 1040 938 igitur
1065 874 1301 938 perversorum
1320 855 1500 920 deviten-

391 963 448 1021 tur
460 974 609 1039 gressus,
620 956 797 1032 bonorum,
813 973 956 1038 qnorum
971 962 1070 1037 gesta
1084 954 1316 1030 describimus,
1325 956 1499 1036 vestigia

390 1074 574 1138 sequamur
601 1053 818 1138 pedetentim,
845 1072 924 1118 ecce
948 1052 1079 1118 fructus
1108 1055 1366 1137 scripturarum,
1398 1073 1497 1118 ecce

390 1155 567 1237 speculum
596 1153 755 1218 humanae
784 1153 1006 1218 conditionis!
1067 1151 1146 1217 Hae
1174 1153 1217 1217 de
1248 1172 1365 1231 causa,
1394 1153 1498 1217 licet

391 1253 469 1318 aliae
488 1273 557 1318 non
572 1253 696 1330 desint,
713 1252 854 1336 Moyses
870 1251 1047 1335 legislator
1065 1254 1101 1316 in
1114 1251 1234 1317 Veteri
1250 1252 1496 1317 Testamento

389 1352 618 1418 innocentiam
647 1350 749 1428 Abel,
781 1350 944 1415 invidiam
976 1350 1076 1430 Cain,
1104 1351 1320 1417 dolositatem
1350 1352 1495 1428 Jacob,

391 1452 634 1535 negligentiam
670 1450 775 1528 Esau,
809 1449 1061 1533 simplicitatem
1097 1448 1178 1529 Job,
1213 1451 1381 1516 malitiam
1412 1471 1494 1514 un·

391 1550 500 1616 decim
537 1550 682 1616 filiorum
720 1548 843 1626 Israel,
878 1548 1065 1614 bonitatem
1104 1549 1306 1628 duodecimi,
1344 1550 1493 1614 scilicet

392 1647 537 1734 Joseplr,
563 1668 702 1733 poenam
722 1650 872 1732 quinque
895 1648 1084 1726 civitatum,
1105 1648 1343 1732 poenitentiam
1371 1648 1488 1714 Nini·

391 1748 551 1825 vitarum,
580 1748 778 1813 manifestat
803 1755 839 1811 et
861 1748 1039 1829 scripturis
1062 1747 1328 1813 commendando
1352 1749 1489 1813 nititur

392 1856 615 1932 perpetuam
645 1854 685 1912 nt
710 1846 760 1910 sic
790 1846 921 1912 scilicet
952 1847 1061 1911 bonos
1089 1847 1271 1925 imitemur,
1304 1848 1487 1912 malorum

392 1954 508 2012 autem
536 1964 611 2011 esse
638 1944 858 2029 pedissequos
887 1945 1141 2010 abhorreamus.
1190 1944 1248 2011 Ad
1275 1946 1342 2011 hoc
1368 1947 1485 2011 anhe-

391 2044 503 2111 lantes
528 2045 641 2111 sancti
666 2044 900 2127 evangelista,
924 2044 1087 2128 theologi,
1116 2043 1289 2128 Josephus
1317 2045 1484 2110 historio-

390 2144 543 2228 graphus
567 2143 749 2221 Hebraeus,
771 2142 965 2227 Cyprianus
989 2143 1270 2226 Carthaginensis
1292 2146 1482 2228 episcopus

391 2249 427 2307 et
445 2251 587 2327 martyr,
606 2243 773 2307 Eusebius
792 2241 1025 2321 Coesadensis,
1049 2243 1281 2327 Hieronymus
1299 2245 1479 2322 sacerdos,

391 2341 559 2425 Sulpitius
582 2341 740 2420 Severus,
766 2341 987 2421 Fortunatus,
1012 2342 1109 2408 Beda
1130 2344 1308 2426 presbyter
1329 2362 1477 2408 venera-

391 2440 481 2519 bilis,
500 2448 536 2506 et
557 2439 708 2524 Prosper
731 2440 969 2524 Aquitanicus,
992 2450 1091 2525 gesta
1115 2441 1183 2507 Dei
1206 2444 1416 2526 scripserunt
1437 2449 1477 2507 et

391 2539 633 2623 antiquorum3
672 2547 720 2618 et,
750 2547 790 2605 ut
822 2539 867 2603 ad
898 2540 1079 2605 modernos
1111 2542 1258 2619 veniam,
1292 2541 1473 2605 Marianus

391 2638 515 2703 Sootus
531 2638 710 2703 Fuldensis
725 2638 922 2717 monachus,
938 2648 973 2704 et
989 2640 1198 2723 Sigisbertus
1214 2639 1474 2705 Gemblacensis

390 2737 588 2817 monachus,
611 2745 647 2803 et
658 2737 796 2821 quidam
810 2737 868 2802 alii
881 2740 1029 2820 pectoris
1047 2738 1217 2822 profundi,
1237 2739 1396 2805 chronica
1411 2759 1473 2804 ve-

389 2838 516 2904 raciter
531 2838 719 2904 ediderunt.
764 2836 810 2901 Et
822 2836 878 2900 hic
892 2855 954 2901 nos
968 2837 1148 2921 incipimus
1161 2837 1352 2922 Anglorum
1368 2839 1465 2903 chro-

391 2940 480 3015 nica,
505 2957 528 3003 a
549 2938 634 3003 duce
660 2937 935 3003 Normannorum
962 2937 1148 3015 Willelmo,
1169 2938 1228 3020 qni
1248 2939 1292 3002 ab
1314 2936 1467 3002 Haraldo

389 3035 582 3119 Anglorum
610 3058 691 3119 rege
718 3036 847 3121 perfido
872 3043 908 3101 et
930 3037 1067 3123 perjuro
1091 3035 1284 3116 lacessitus,
1310 3038 1421 3120 ipsum
1450 3056 1472 3102 a

390 3136 488 3214 regui
517 3136 605 3200 solio
628 3136 760 3217 depulit
787 3134 1051 3215 diffiduciatum
1090 3136 1189 3220 cujus
1217 3137 1300 3200 facti
1331 3155 1469 3201 causam

389 3232 574 3297 lectoribus
589 3234 737 3296 breviter
749 3231 925 3295 intimabo.
1467 3248 1470 3252 “

391 3432 435 3497 Ρ.
452 3433 526 3511 513,
641 3422 823 3507 Navigans
847 3430 962 3489 antem
982 3425 1073 3490 idem
1100 3427 1289 3508 Haraldus,
1309 3430 1391 3495 dum
1409 3429 1471 3494 ad·

386 3531 414 3594 l.
432 3532 492 3595 16.
509 3576 539 3594 ..
590 3524 656 3588 huo
670 3523 808 3608 juvenis
829 3531 932 3602 esset,
946 3526 1102 3608 aspirans
1119 3527 1163 3592 ad
1179 3548 1319 3611 regnum
1331 3528 1469 3613 Angliae

406 3650 444 3715 p.
463 3630 536 3706 516,
592 3630 627 3688 et
645 3629 767 3707 sponte
787 3625 973 3706 spaciatus,
997 3626 1191 3708 navigando
1209 3635 1329 3711 raptus
1350 3637 1403 3693 est
1419 3629 1470 3691 in·

400 3728 422 3793 l.
437 3730 469 3806 9,
484 3728 533 3792 Do
593 3723 685 3789 vitus
701 3723 736 3788 vi
752 3729 942 3801 ventorum,
957 3731 1003 3801 et,
1019 3724 1099 3789 dum
1116 3725 1313 3791 Flandriam
1329 3727 1469 3792 credidit

391 3848 519 3894 mm·
590 3842 627 3887 se
643 3821 810 3905 attigisse,
824 3822 1020 3906 compulsus
1034 3823 1175 3890 venitin
1189 3824 1373 3891 Pontinam
1390 3845 1468 3911 pro·

392 3929 471 3993 timia
589 3922 754 4000 vinciam3
781 3940 884 4004 quem
902 3928 1041 4005 captum
1060 3924 1180 3989 consul
1203 3922 1369 3991 Ponticus
1380 3925 1468 3991 Wil-

389 4026 560 4113 9nl0mac-
590 4022 693 4087 lelmc
720 4019 997 4085 Normannorum
1024 4021 1102 4087 duci
1130 4026 1362 4107 praesentavit.
1420 4022 1468 4089 At

393 4126 476 4192 derna
592 4119 769 4186 Haraldus
790 4121 965 4185 asserebat
986 4139 1025 4185 se
1047 4121 1120 4186 haec
1142 4124 1257 4188 omnia
1277 4132 1398 4208 sponte
1419 4123 1467 4187 fe-

590 4222 689 4297 cisse,
710 4226 750 4283 ut
772 4219 860 4284 elam
886 4220 1025 4285 veniens
1054 4221 1091 4284 in
1116 4220 1363 4288 Normanniam
1389 4243 1469 4288 con·
1576 4282 1578 4285 .

589 4319 813 4384 loederaretnr
834 4317 924 4394 duci,
946 4319 1049 4384 filiam
1072 4320 1146 4404 eJus
1167 4322 1385 4406 inspersam
1412 4341 1469 4387 ac·

590 4426 772 4502 capturus3
806 4417 897 4501 quod
926 4426 961 4481 et
984 4418 1117 4502 juravit
1144 4440 1246 4503 super
1274 4430 1469 4488 sanctorum
