3334 5734
401 741 465 807 162
769 757 967 809 merlonus
993 758 1124 808 vnnrn.

453 941 575 1007 lelmus
592 942 757 1019 Briwerc,
772 940 947 1007 Robcrtns
962 942 1005 1006 de
1020 941 1209 1022 Turnlnam,
1223 943 1431 1025 Reginaldns
1441 946 1478 1011 dc

454 1040 652 1120 Gornlnnlle‚
691 1040 885 1106 Richardus
917 1041 960 1105 de
987 1041 1150 1120 Marisoo,
1180 1045 1240 1126 qni
1277 1063 1395 1108 omnes
1423 1046 1480 1109 fine

452 1141 588 1223 lugubri
611 1141 847 1207 terminarunt.
897 1140 1027 1205 Eodem
1051 1149 1204 1225 tempore
1223 1142 1404 1207 Mathildis
1428 1144 1481 1209 loe·

453 1242 547 1306 mina
571 1241 693 1305 nobilis
720 1248 756 1304 et
777 1260 867 1305 uxor
890 1240 1055 1305 Willclmi
1081 1241 1124 1305 dc
1149 1241 1317 1320 Bransea,
1339 1251 1375 1307 et
1400 1243 1481 1307 lilius

454 1341 529 1425 ejus
547 1348 581 1405 et
605 1341 714 1405 lnoeres
739 1339 947 1415 willelmus,
974 1348 1010 1404 et
1030 1360 1121 1406 nxor
1141 1341 1294 1426 ejusdem
1314 1341 1480 1420 Willclmi,

454 1440 545 1523 apud
575 1438 834 1505 windleshores
862 1439 1026 1504 carcerali
1051 1441 1217 1506 custodiae
1246 1441 1414 1523 deputati,
1432 1442 1485 1525 ju·

454 1541 556 1604 bento
588 1538 781 1622 Anglornm
811 1558 905 1621 rege,
934 1539 1024 1604 fame
1057 1540 1240 1623 perierunt.
1303 1539 1412 1624 Cujus
1441 1541 1484 1605 rei

456 1639 577 1703 seriem
603 1639 633 1703 si
663 1640 740 1722 quis
770 1637 904 1721 plenius
930 1647 1203 1723 prosequeretur,
1231 1639 1404 1723 lacrymas
1432 1660 1485 1704 ex·

456 1745 589 1804 cuteret
603 1746 827 1821 tyrannorum
842 1745 877 1803 et
893 1738 1025 1803 animos
1041 1738 1250 1805 audientium
1268 1740 1484 1821 perturbaret.

458 1837 586 1902 Eodem
615 1856 705 1902 anno
729 1835 907 1902 Walterus
923 1838 965 1902 de
988 1836 1074 1903 Grai
1095 1838 1223 1905 electus
1238 1838 1344 1925 estin
1366 1839 1487 1921 episco-

458 1956 539 2020 pum
570 1935 807 2014 Cestrenscm3
843 1937 1026 2015 Henricus,
1049 1938 1308 2004 archidiaconus
1336 1938 1486 2014 Stafford,

457 2036 493 2099 iu
518 2036 757 2101 Exoniensem.
808 2035 832 2099 J
835 2035 924 2101 ndaei
950 2056 1013 2119 pro
1039 2039 1144 2102 nimia
1169 2057 1287 2102 eornm
1315 2037 1487 2102 afflictione

458 2135 557 2200 multi
573 2154 714 2218 arogno
732 2134 960 2218 anlagernut3
985 2136 1021 2199 0.

421 2276 478 2313 rte.
500 2276 554 2313 uu.

410 2339 484 2414 235,
503 2335 558 2412 27,
574 2336 756 2401 redimar·
806 2335 934 2401 domini
951 2357 1050 2421 papae
1065 2338 1378 2403 familiarissimum.

573 2435 709 2500 diuum

411 2559 485 2638 236,
503 2561 557 2636 28,
566 2560 648 2645 facit
805 2556 897 2622 addit
913 2556 1038 2637 Paris„
1052 2558 1225 2636 Leolinus‚
1241 2561 1400 2643 princeps
1409 2559 1488 2625 Nor·

827 2656 964 2735 walliae,
981 2658 1196 2741 compellitur
1218 2659 1262 2724 ad
1284 2659 1486 2724 deditionem.

830 2755 926 2821 Obiit
938 2757 1030 2822 circa
1042 2757 1107 2822 hoc
1121 2766 1254 2841 tempus
1269 2757 1439 2824 Robertns
1450 2758 1486 2822 de

830 2854 989 2921 Thnnam
1006 2853 1262 2941 [Thnrnhaml]

415 2979 488 3059 237,
526 2984 557 3057 4,
575 2978 747 3045 Cordubam
810 2979 956 3044 Ebnlam
997 2978 1116 3062 vigilia
1165 2979 1277 3044 sancti
1324 2979 1487 3043 Laurentii

579 3081 761 3144 ..Parisios
831 3080 928 3157 obiit,
966 3079 1065 3164 cnjus
1107 3097 1231 3161 corpus
1264 3077 1413 3143 delatum
1442 3087 1486 3142 est

832 3177 997 3243 Parisios.

415 3341 466 3354 -
531 3308 564 3384 6,
577 3306 763 3392 repollerent
809 3302 992 3387 sepultum.

418 3430 491 3504 238,
531 3426 562 3505 7,
578 3429 724 3493 dederam
810 3426 902 3490 addit
928 3424 1054 3504 Paris„
1083 3426 1252 3509 Tempore
1277 3444 1413 3508 quoqne
1435 3423 1489 3486 snb

833 3525 950 3590 eodem
971 3526 1204 3608 migraverunt
1228 3545 1250 3590 a
1271 3524 1387 3590 seculo
1405 3522 1491 3588 Gan·

834 3625 953 3702 fridus,
975 3624 1199 3690 Eboracensis
1220 3625 1492 3707 archiepiscopus,

835 3725 890 3789 cni
907 3724 1073 3790 successit
1087 3724 1274 3790 Walterns.
1311 3724 1406 3789 Obiit
1417 3741 1493 3805 qno·

835 3842 902 3907 qne
924 3843 1037 3888 comcs
1060 3823 1103 3888 dc
1123 3822 1325 3889 Albamarla
1344 3830 1380 3888 ct
1398 3822 1494 3885 abbas

836 3922 870 3987 S.
885 3923 1055 3988 Edmnndi
1076 3924 1231 4001 Samson,
1248 3925 1308 4007 qui
1323 3921 1494 4006 aquaeduc-

837 4029 908 4086 tum
938 4032 975 4088 et
994 4023 1102 4089 multa
1128 4024 1218 4088 bona
1247 4023 1330 4088 fecit
1353 4019 1496 4087 ecclesia

835 4141 920 4187 snae.

420 4238 497 4317 239,
514 4242 568 4321 22,
578 4241 767 4308 continebant
813 4245 906 4311 addit
927 4245 1050 4326 Paria,
1076 4266 1220 4330 cumque
1242 4246 1355 4311 adhuc
1383 4244 1499 4328 spretis

836 4345 903 4410 hiis
929 4347 1247 4411 comminationibus
1270 4345 1312 4410 ad
1340 4344 1498 4410 cestriam

838 4446 999 4525 venisset,
1025 4447 1147 4511 iterum
1169 4453 1337 4511 venerunt
1366 4443 1410 4508 ad
1429 4462 1497 4507 enm

838 4546 948 4609 nuntii
961 4554 998 4610 et
1014 4546 1134 4611 literae.
