3334 5734
570 812 769 861 nnorrouns
792 813 924 863 verra.
1249 797 1290 863 ol

201 1004 307 1070 snpra
322 990 460 1057 modum
477 991 563 1057 adiit
582 998 618 1058 et
631 992 776 1058 oorrosit
789 992 833 1057 de
855 1011 957 1057 carne
974 992 1127 1069 infantis,
1143 997 1179 1056 et
1196 991 1289 1057 vide·

199 1086 303 1153 batur
317 1091 350 1154 ei
365 1091 546 1174 prtednloe,
568 1093 661 1176 quod
677 1098 898 1175 gustaverat3
927 1098 963 1157 et
978 1092 1096 1157 volens
1117 1091 1195 1176 plns
1214 1092 1289 1156 avi·

199 1185 277 1252 dius
298 1207 445 1269 sumere,
472 1192 584 1257 infern
608 1199 709 1258 torvo
735 1198 878 1276 aspectu
907 1198 943 1257 et
968 1212 1053 1258 vooe
1076 1191 1202 1257 minaci
1227 1191 1289 1269 ait,

198 1286 370 1368 ‘Desiste
391 1291 492 1357 nimis
512 1292 698 1376 accepisti!
748 1290 1020 1375 Expergeiactus
1040 1310 1062 1356 a
1082 1310 1203 1357 somno
1225 1310 1298 1355 rex·

197 1388 370 1454 consuluit
384 1410 484 1456 mane
498 1412 602 1476 super
614 1392 690 1457 lraeo
704 1392 875 1476 quendam
888 1393 1097 1476 episcopum.
1148 1391 1288 1475 Episco-

197 1504 262 1567 pus
281 1496 398 1555 autem
414 1492 590 1575 suspicans
604 1492 771 1577 judicium
785 1492 947 1557 vindictae
964 1493 1026 1570 ait,
1041 1497 1051 1527 ‘
1068 1491 1208 1570 Desine,
1225 1509 1289 1554 rex

196 1586 297 1666 bone,
312 1608 334 1653 a
349 1592 586 1673 persecutione
602 1593 769 1670 ecelesiae,
785 1592 1001 1676 praemonitio
1017 1592 1106 1656 enim
1129 1590 1204 1655 lraeo
1220 1589 1288 1654 Dei

197 1694 304 1752 estet
324 1690 471 1772 benigna
495 1692 677 1775 castigatio
688 1712 703 1775 ;ι
728 1711 803 1769 neo,
824 1700 865 1757 ut
885 1692 1104 1775 proposuisti,
1127 1697 1288 1755 venatum

197 1787 279 1850 eas?
328 1787 409 1854 Rex
430 1798 653 1856 contemnens
672 1792 839 1856 salutaria
861 1793 992 1856 monita
1011 1792 1047 1855 in
1063 1791 1170 1856 silvas
1184 1808 1289 1856 vena-

197 1892 270 1949 tum
285 1887 361 1953 ivit.
413 1889 460 1953 Et
482 1909 561 1955 ecce
584 1910 680 1968 casu,
702 1910 824 1956 oervue
847 1910 993 1973 magnus
1014 1910 1092 1956 cum
1113 1897 1192 1955 ante
1209 1908 1286 1954 eum

197 1987 372 2066 transiret,
392 1988 442 2054 ait
458 2009 522 2054 rex
538 1989 675 2055 cuidam
697 1990 809 2068 militi,
831 1990 961 2055 scilieet
977 1989 1134 2056 Waltero
1154 1988 1287 2072 Tyrell,

197 2089 207 2119 ‘
222 2085 348 2166 Trahe,
363 2087 522 2154 diabole?
563 2088 660 2154 Exiit
676 2109 759 2172 ergo
774 2090 881 2155 telum
897 2090 1048 2169 volatile,
1061 2090 1104 2155 de
1117 2110 1186 2176 quo
1201 2089 1287 2153 bene

197 2191 233 2250 et
249 2205 327 2252 vere
340 2188 455 2271 potuit
471 2187 538 2254 dici
551 2196 587 2255 et
603 2190 766 2255 vaticinio
780 2190 948 2267 denotari,

405 2346 477 2406 ‘Et¹
492 2346 579 2406 semel
590 2347 723 2407 emissum
736 2347 814 2407 volet
825 2348 1008 2407 irrevocabile
1019 2346 1126 2410 telum!

197 2488 254 2565 Et,
277 2491 437 2557 obstante
458 2492 592 2571 nrbore,
617 2492 654 2557 iu
677 2493 853 2577 obliquum
874 2491 1041 2558 reflexum
1063 2491 1203 2571 iaciens,
1227 2512 1288 2576 per

196 2589 344 2654 medium
365 2590 478 2657 sordis
500 2611 616 2675 regem
637 2593 819 2670 sauciavit,
839 2592 898 2676 qui
914 2593 1027 2658 subito
1043 2599 1197 2656 mortuus
1214 2611 1289 2657 cor-

196 2689 275 2753 ruit.
328 2690 388 2755 Sui
405 2697 531 2769 autem,
548 2699 584 2755 et
596 2692 769 2775 praeoipue
791 2693 889 2757 miles
911 2691 981 2769 ille,
1002 2693 1038 2756 iu
1061 2698 1177 2776 partes
1191 2691 1288 2773 fuge·

197 2797 289 2854 runt.
338 2788 458 2873 Aliqui
475 2798 549 2855 tum
564 2791 745 2856 redeuntes
762 2810 888 2877 corpus
904 2792 941 2856 in
958 2792 1127 2874 sangnine
1143 2809 1206 2855 suo
1224 2792 1289 2856 oir-

196 2888 431 2954 cumvolutnm
456 2897 492 2954 et
515 2890 723 2956 tabefactum
751 2909 857 2975 supra
879 2891 994 2973 bigam
1016 2889 1195 2975 cujusdam
1213 2909 1288 2955 car·

195 2988 373 3053 bouatoris
400 2989 635 3072 imposuerunt
664 2990 836 3073 fragilem,
866 2997 901 3055 et
928 2989 1205 3054 macilentissimo
1231 2990 1289 3074 ju-

196 3094 313 3153 mento
333 3107 404 3152 uno
425 3095 584 3154 tractam.
636 3089 839 3153 Rusticulus
865 3089 973 3171 igitur
999 3096 1138 3153 coactus
1164 3108 1288 3171 corpus

196 3186 241 3251 ad
266 3188 441 3252 civitatem
466 3195 715 3271 transportare,
740 3188 820 3253 dum
845 3189 1009 3254 transiret
1028 3207 1091 3272 per
1116 3187 1288 3271 quandam

196 3286 401 3372 protundum
418 3295 455 3354 et
469 3287 619 3354 lutosam
633 3287 735 3367 viam,
757 3288 869 3352 fracta
887 3288 970 3370 biga
990 3307 1054 3352 sua
1075 3287 1190 3365 debili,
1215 3307 1290 3352 cor·

196 3406 275 3471 pus,
301 3388 406 3453 imino
432 3388 581 3454 cadaver
606 3387 753 3470 rigidum
780 3395 815 3452 et
836 3387 973 3465 foetens,
995 3389 1032 3452 in
1053 3387 1127 3452 luto
1148 3387 1289 3453 eircum-

197 3487 366 3564 volutum,
389 3487 582 3554 volentibus
607 3495 785 3571 asportare
811 3487 1003 3571 dereliquit.
1053 3486 1182 3552 Eadem
1204 3486 1290 3552 hora

196 3605 311 3652 eomes
329 3586 523 3661 Cornubiae,
546 3589 583 3652 in
603 3587 693 3652 silva
713 3588 758 3652 ab
780 3586 842 3651 illa
857 3588 893 3652 in
913 3606 983 3670 qua
1002 3585 1077 3651 haeo
1093 3586 1289 3652 acciderant

195 3706 258 3770 per
273 3687 361 3752 duas
374 3686 486 3752 dietus
502 3687 663 3765 distante,
683 3687 765 3752 dum
779 3694 942 3752 venatum
964 3687 1030 3751 iret
1046 3693 1080 3751 et
1097 3684 1191 3750 solus
1206 3705 1288 3751 cusu

197 3787 304 3851 asnis
325 3785 501 3852 sodalibus
521 3786 779 3870 relinqueretur,
806 3787 961 3852 obviavit
976 3804 1101 3868 magno
1122 3784 1232 3869 piloso
1254 3791 1289 3850 et

198 3885 298 3969 nigro
314 3884 421 3965 hirco,
437 3886 561 3952 serenti
576 3906 690 3970 regern
707 3887 843 3969 nigrum
859 3893 895 3952 et
911 3885 1039 3950 nudum
1059 3902 1121 3968 per
1141 3885 1289 3949 medium

195 3986 345 4069 pectoris
357 3987 566 4066 sauciatum
593 3994 628 4051 et
637 3986 816 4071 adjuratus
831 3984 945 4050 hircus
959 4004 1021 4067 per
1036 3983 1147 4048 Deum
1162 3984 1289 4047 trinum

196 4092 232 4149 et
255 4105 360 4151 unum
386 4085 555 4170 quidhoc
580 4092 684 4165 esset,
704 4085 891 4170 respondit,
914 4084 1026 4147 ‘Fero
1054 4083 1097 4146 ad
1121 4081 1288 4166 judicium

195 4204 297 4249 sunm
319 4204 435 4267 regern
454 4193 620 4261 vestrum,
641 4186 746 4250 immo
764 4192 960 4268 tyrannum,
975 4181 1186 4247 Willelmum
1214 4180 1289 4245 Ru-

195 4283 279 4349 inin.
330 4285 508 4368 Malignus
523 4286 612 4351 enim
624 4286 766 4369 spiritus
781 4304 871 4362 sum,
887 4291 922 4348 et
937 4283 1031 4347 ultor
1047 4280 1187 4345 malitiae
1203 4300 1288 4360 suae,

379 4480 387 4511 ¹
399 4476 457 4553 Et]
474 4485 521 4535 ‘Et
531 4485 608 4536 semel
618 4484 738 4535 emissum
749 4484 817 4535 volut
823 4482 986 4534 irrevocabile
997 4476 1116 4531 verbum!

962 4552 1026 4603 lior.
1038 4552 1087 4615 Ep.
1100 4563 1119 4602 ι.
1129 4550 1201 4602 xviii.
1212 4555 1254 4602 71.
