3334 5734
381 777 447 845 aad
742 792 941 844 moriones
964 794 1095 845 vnarn.

393 918 449 956 ΡΔΘ.
470 917 523 955 ult.

383 977 456 1059 337,
475 977 726 1066 melmae
774 980 853 1066 plus
898 980 1028 1065 placuit
1070 999 1202 1045 morum
1244 981 1465 1064 experientia,

545 1088 611 1146 aaa
627 1127 636 1144 .
652 1126 660 1142 .
676 1127 711 1144 ..
795 1099 900 1165 quam
923 1080 1055 1146 invenit
1073 1080 1303 1165 praerogativa
1324 1079 1465 1163 insigni·

540 1179 695 1244 mettium
796 1188 880 1258 tam,
909 1186 945 1245 et
973 1179 1176 1264 eloquentiae
1205 1181 1316 1264 perita
1342 1180 1465 1245 facetia

544 1286 690 1364 oppona-
796 1279 976 1345 eruditam.
1027 1278 1070 1344 In
1086 1279 1173 1345 festo
1190 1299 1271 1345 vero
1284 1279 1465 1364 desponsa·

544 1397 620 1444 eom
797 1379 901 1445 tionis
914 1378 1139 1462 imperatricis
1155 1378 1464 1457 Isabellae,sororis

797 1479 924 1544 domini
954 1477 1045 1561 regis
1084 1477 1234 1561 Anglioe,
1264 1487 1364 1543 erant
1394 1487 1464 1543 tam

798 1578 888 1662 apud
901 1578 1118 1662 Moguntiam
1127 1598 1230 1662 quam
1242 1578 1464 1644 Wermesiam

797 1685 944 1762 quatuor
957 1697 1067 1761 roges,
1083 1684 1120 1743 et
1131 1677 1286 1743 undecim
1299 1677 1414 1753 duces,
1430 1685 1465 1742 ot

797 1777 941 1860 triginta
950 1777 1091 1842 comites
1104 1785 1140 1842 et
1149 1777 1373 1856 marchiones,
1380 1796 1464 1861 prae-

797 1884 850 1943 tor
873 1876 1046 1961 praelatos.
1098 1875 1211 1943 Nocte
1236 1895 1318 1942 vero
1344 1878 1464 1960 prima,

796 1974 1335 2060 quaconcubuitimperatorcum
1347 1994 1465 2054 ea,no·

796 2075 862 2141 luit
877 2094 952 2141 eam
968 2075 1151 2141 carnaliter
1168 2094 1385 2159 cognoscere,
1406 2075 1464 2142 do·

796 2195 859 2241 noc
884 2182 1080 2260 competens
1104 2174 1189 2240 horu
1212 2176 1257 2240 ab
1283 2175 1464 2258 astrologis

797 2274 829 2340 ei
842 2275 1065 2341 nuntiaretur.
1097 2273 1464 2340 Consummataautem

795 2375 926 2439 carnali
941 2373 1196 2454 commixtione,
1220 2394 1353 2441 summo
1367 2394 1465 2439 mane

795 2473 976 2556 deputavit
1001 2492 1078 2539 eam
1103 2474 1203 2556 quasi
1231 2481 1465 2558 praegnantem

796 2571 953 2654 diligenti
968 2572 1146 2652 custodiae,
1165 2573 1280 2638 dicens
1297 2573 1340 2651 ei,
1353 2578 1364 2607 ‘
1378 2572 1467 2639 Cus-

798 2670 870 2737 todi
905 2678 940 2737 te
971 2672 1155 2756 sapienter,
1184 2673 1266 2755 quia
1293 2671 1398 2736 habes
1428 2674 1466 2737 in

797 2778 896 2837 utero
912 2771 1122 2837 masculum!
1168 2771 1215 2836 Et
1225 2771 1290 2837 hoc
1302 2771 1391 2836 idem
1403 2791 1465 2856 pro

797 2877 891 2936 certo
914 2870 1122 2953 significavit
1139 2871 1277 2937 domino
1302 2869 1377 2955 regi
1392 2869 1465 2936 An·

797 2969 889 3052 gliae,
926 2970 1024 3036 fratri
1061 2990 1137 3048 suo,
1172 2989 1234 3054 per
1268 2972 1466 3055 episcopum

797 3068 1027 3134 Exoniensam
1042 3076 1078 3135 et
1091 3069 1293 3153 magistrum
1309 3071 1352 3136 de
1367 3089 1466 3135 sano·

798 3175 834 3233 to
848 3168 1001 3252 AEgidio,
1015 3169 1170 3235 Fratrem
1189 3168 1465 3237 Praedicatorem.

799 3268 847 3332 Et
862 3268 912 3333 sic
928 3269 1072 3353 contigit
1085 3289 1095 3348 3
1121 3268 1253 3353 peperit
1269 3269 1358 3334 enim
1375 3288 1465 3334 mas·

795 3367 920 3446 culum,
942 3368 1040 3453 cujus
1062 3387 1184 3433 nomeu
1199 3367 1371 3434 Henricus
1388 3368 1464 3435 fuit.

796 3466 939 3551 Nuptiis
954 3468 1059 3551 igitur
1071 3467 1189 3533 diebus
1199 3477 1348 3551 quatuor
1356 3469 1464 3533 conti·

795 3567 873 3630 uuis
890 3567 1067 3650 magnifice
1081 3567 1271 3645 celebratis,
1284 3568 1464 3652 episcopus

794 3665 1001 3731 Exoniensis
1024 3675 1060 3732 et
1083 3667 1211 3745 caeteri,
1230 3667 1383 3750 quicum
1402 3667 1464 3731 im·

793 3767 961 3850 peratrioe
971 3766 1193 3842 advenerant,
1205 3766 1248 3831 ab
1260 3766 1464 3851 imperatore

793 3864 932 3930 licentia
945 3866 1139 3950 impetrata,
1153 3866 1196 3930 ad
1207 3864 1370 3948 Angliam
1386 3886 1464 3931 cum
1559 3893 1561 3898 s

793 3964 919 4048 gaudio
932 3972 1012 4030 sunt
1025 3966 1162 4030 reversi.
1199 3965 1298 4031 Misit
1305 3986 1388 4049 orgo
1400 3966 1464 4030 im·

793 4071 932 4148 perator
950 4064 1023 4147 regi
1035 4063 1227 4148 Anglorum
1242 4073 1310 4130 tres
1331 4064 1466 4150 leopar-

794 4162 869 4243 dos,
882 4164 917 4228 in
931 4165 1067 4247 signum
1078 4164 1204 4248 regalis
1214 4165 1337 4249 clypei,
1350 4166 1466 4248 inquo

792 4271 863 4328 tros
871 4263 1023 4348 leopardi
1034 4271 1249 4330 transeuntes
1262 4263 1464 4347 figurantur,

791 4382 868 4427 cnm
886 4362 963 4427 aliis
984 4364 1134 4429 donariis
1154 4363 1324 4449 pretiosis,
1341 4365 1464 4447 quibus
1547 4366 1549 4369 ’

791 4462 946 4544 regiones
972 4482 1041 4528 non
1069 4464 1247 4530 abundant
1266 4463 1463 4529 occidentis.

791 4560 856 4627 Cui
870 4563 974 4628 etiam
985 4571 1106 4630 contra
1119 4583 1234 4647 regem
1254 4563 1465 4630 Francorum
