3334 5734
348 779 373 823 x
745 775 1030 825 rrraonucmon.
1148 739 1152 743 ’

350 959 454 1041 giam
480 958 619 1041 qnidam
646 957 691 1022 ad
721 958 807 1023 alias
830 958 988 1039 regiones
1010 957 1249 1039 confugerunt,
1269 957 1436 1021 malentes

349 1058 523 1140 propriam
552 1058 789 1122 strenuitatem
820 1066 856 1122 et
881 1058 1044 1122 virtutem
1071 1057 1232 1141 experiri,
1257 1076 1361 1139 qnam
1385 1056 1436 1120 in·

350 1156 547 1240 gratissimo
562 1165 709 1241 tyranno
724 1156 900 1222 Willelmo
917 1166 952 1222 et
965 1158 1135 1240 superbiae
1149 1157 1326 1240 subjacere
1342 1155 1436 1221 Nor·

350 1275 563 1321 mannorum.
613 1255 685 1321 Alii
703 1276 839 1341 quoqne
859 1257 935 1321 loca
958 1257 1093 1322 deserta
1113 1263 1269 1340 petentes
1292 1255 1435 1320 insidias

353 1355 562 1421 Normaunis
577 1364 739 1438 parantes
755 1356 883 1422 multos
898 1376 942 1421 ex
960 1359 1009 1422 eis
1030 1363 1257 1440 peremerunt.
1308 1354 1437 1419 Reces-

352 1462 471 1520 serunt
498 1456 604 1537 igitur
628 1464 710 1520 tunc
737 1457 899 1539 temporis
923 1456 967 1520 ab
993 1455 1124 1538 Anglia
1146 1455 1348 1520 nobilissimi
1370 1454 1438 1519 riri

351 1555 493 1620 comites
521 1554 698 1620 Eaduinus
722 1563 757 1619 et
780 1555 984 1621 Morcardus
1008 1556 1142 1633 fratres,
1171 1554 1371 1619 Mercherns
1398 1561 1435 1619 et

353 1653 550 1719 Weltherus
575 1655 701 1719 milites
727 1655 943 1720 invictissimi
971 1663 1006 1720 et
1031 1653 1231 1738 locupletes,
1260 1673 1337 1718 cum
1365 1653 1434 1736 epi-

352 1754 477 1836 scopis,
496 1753 640 1833 clericis,
658 1761 693 1821 et
709 1754 786 1819 aliis
800 1754 917 1821 multis
934 1755 1017 1820 viris
1034 1754 1324 1831 nominatissimis,
1346 1771 1433 1836 quos

351 1853 492 1935 longum
513 1861 566 1917 est
591 1854 783 1937 exprimere
805 1854 1026 1934 nominatim3
1057 1873 1200 1939 quornm
1222 1853 1333 1937 major
1355 1871 1434 1934 pars

351 1951 394 2016 ad
411 1952 539 2017 dictum
559 1971 673 2034 regem
696 1952 876 2020 Scotorum
896 1953 1145 2037 confugientes,
1165 1954 1209 2017 ab
1230 1954 1306 2035 ipso
1328 1951 1434 2016 hono·

351 2051 457 2130 rilice,
467 2071 510 2115 ne
519 2052 722 2117 rebellantes
735 2053 848 2135 ipsum
860 2052 948 2118 forte
965 2054 1188 2136 expellerent,
1202 2059 1284 2117 sunt
1293 2051 1432 2134 recepti.

352 2150 451 2216 Tunc
477 2152 580 2216 etiam
604 2150 784 2233 Eadgarus
815 2152 991 2235 Etheliug,
1014 2153 1181 2235 sangnine
1206 2159 1241 2215 et
1264 2151 1434 2234 probitate

351 2249 537 2334 praelarus
556 2258 591 2316 et
606 2251 649 2315 de
665 2270 773 2334 regno
788 2250 926 2335 Angliae
951 2252 1061 2316 haeres
1085 2252 1268 2334 legitimus,
1294 2268 1434 2315 cernens

352 2369 406 2414 res
436 2350 563 2415 natalis
587 2351 709 2433 patriae
734 2351 884 2435 undique
915 2359 1033 2435 patere
1061 2351 1259 2426 discrimini,
1292 2367 1433 2415 ascensa

352 2468 441 2515 nave
467 2470 544 2514 cum
567 2448 706 2531 Agathe
735 2460 845 2516 matre
874 2470 938 2515 sua
967 2459 1003 2516 et
1031 2451 1204 2516 sororibus
1235 2450 1435 2531 Margareta

351 2557 387 2615 et
401 2547 564 2626 Gristina,
578 2550 614 2614 in
634 2549 865 2632 Hungariam,
885 2551 943 2615 nbi
970 2558 1073 2616 natus
1096 2549 1220 2627 fuerat,
1247 2550 1435 2615 conabatur

351 2649 489 2726 reverti,
510 2648 570 2715 sed
595 2656 800 2732 tempestate
827 2651 970 2715 suborta
992 2659 1130 2715 coactus
1149 2659 1203 2714 est
1224 2649 1259 2713 in
1284 2649 1433 2714 Scotiam

352 2748 536 2831 applicare.
583 2746 662 2812 Hac
675 2748 781 2830 igitur
795 2751 975 2814 occasione
987 2758 1100 2814 actum
1115 2757 1169 2813 est
1181 2756 1222 2813 nt
1234 2748 1435 2831 Margareta

352 2849 426 2929 regi
455 2846 643 2912 Malcolmo
670 2848 792 2930 nuptui
823 2848 1026 2914 traderetur.
1087 2849 1192 2913 Soror
1220 2855 1334 2911 autem
1360 2847 1434 2932 ejus

353 2945 504 3012 Cristina
534 2947 805 3032 sanctimonialis
836 2948 930 3013 facta
962 2948 1090 3012 calesti
1121 2947 1212 3031 Regi
1243 2948 1434 3030 copulatur.

352 3045 438 3112 Nati
461 3053 542 3111 sunt
571 3047 678 3129 igitur
709 3048 838 3130 reginae
872 3048 1081 3131 Margaretae
1114 3066 1177 3111 sex
1206 3047 1268 3111 filii
1291 3055 1326 3111 et
1355 3046 1432 3110 dnae

350 3146 457 3226 filiae3
495 3166 639 3229 quorum
679 3155 761 3224 tres,
795 3146 954 3230 Edgarns
983 3148 1125 3225 scilicet,
1156 3146 1367 3223 Alexander,
1401 3154 1435 3208 et

353 3244 481 3321 David,
498 3244 604 3326 juxta
628 3248 763 3327 generis
787 3248 840 3310 sui
863 3247 1075 3312 nobilitatem
1098 3266 1197 3328 reges
1223 3253 1343 3329 postea
1363 3243 1434 3307 fue·

351 3350 441 3408 runt.
493 3342 549 3407 Ex
566 3349 648 3406 tunc
667 3362 749 3424 ergo
765 3362 884 3426 regum
898 3343 1036 3427 Angliae
1053 3346 1226 3423 nobilitas,
1244 3365 1266 3409 a
1287 3344 1434 3428 propriis

350 3463 413 3526 per
433 3441 653 3508 Normaunos
676 3442 822 3524 expulsa
844 3442 980 3520 finibus,
1002 3444 1045 3509 ad
1067 3464 1165 3526 reges
1186 3445 1365 3510 Scotorum
1382 3448 1436 3506 est

351 3542 477 3607 infelici
503 3541 614 3606 sidere
645 3541 819 3621 devoluta,
845 3551 881 3607 et
907 3543 1020 3608 aurcis
1048 3544 1173 3609 seculis
1200 3550 1437 3609 successerunt

351 3642 453 3706 luteis
468 3641 663 3722 deteriora;
687 3661 750 3707 nec
772 3661 882 3726 nsque
907 3643 950 3708 ad
973 3651 1128 3727 tempora
1149 3644 1223 3710 baec
1244 3641 1436 3717 scribentis,

350 3741 508 3807 videlicet
529 3760 656 3804 annum
681 3742 803 3823 gratiae
830 3759 949 3822 noca,
967 3751 1020 3809 est
1039 3744 1201 3809 inventus
1220 3762 1283 3807 rex
1298 3741 1436 3825 Anglioe

350 3840 452 3906 titulo
467 3840 662 3906 sanctitatis
679 3841 875 3924 insignitus.

541 4003 712 4071 Ooenobiwm
727 4006 808 4092 quod
819 4006 943 4072 Bellum
956 4007 1074 4073 dicim
1080 4009 1254 4094 suadeor.

401 4137 480 4202 Rex
510 4139 627 4222 itaque
653 4137 861 4217 Willelmns,
886 4159 962 4204 cum
995 4141 1168 4206 abbatiam
1194 4141 1236 4204 de
1270 4138 1369 4203 Bello
1401 4136 1437 4199 iu

351 4237 512 4302 honorem
544 4237 655 4302 sancti
687 4237 831 4302 Martini
864 4258 927 4321 pro
956 4240 1136 4305 animabus
1173 4239 1363 4304 occisorum
1401 4237 1437 4299 in

351 4337 440 4401 bello
473 4338 662 4414 fundasset,
691 4345 727 4401 et
755 4347 905 4402 castrum
939 4339 982 4403 do
1014 4338 1190 4421 Hastingo
1222 4338 1436 4411 festinanter,

351 4437 442 4519 quod
464 4436 570 4501 etsie
592 4436 670 4500 ideo
694 4437 893 4520 appellavit,
918 4437 1098 4516 firmasset,
1119 4458 1238 4505 versus
1262 4436 1436 4501 Oxoniam

351 4536 416 4600 sibi
438 4535 597 4600 rebellem
622 4536 689 4601 iter
707 4545 743 4601 et
758 4536 888 4602 vexilla
910 4537 1047 4617 direxit,
1071 4548 1106 4603 et
1128 4539 1237 4621 ipsam
1258 4536 1435 4601 obsidione
