<?xml version="1.0" encoding="UTF-8"?>
<!DOCTYPE html PUBLIC "-//W3C//DTD XHTML 1.0 Transitional//EN"
    "http://www.w3.org/TR/xhtml1/DTD/xhtml1-transitional.dtd">
<html xmlns="http://www.w3.org/1999/xhtml" xml:lang="en" lang="en">
 <head>
  <title>
</title>
<meta http-equiv="Content-Type" content="text/html;charset=utf-8" />
  <meta name='ocr-system' content='tesseract 3.04.00' />
  <meta name='ocr-capabilities' content='ocr_page ocr_carea ocr_par ocr_line ocrx_word'/>
</head>
<body>
  <div class='ocr_page' id='page_1' title='image "appendixadroger01parigoog_0191.png"; bbox 0 0 3334 5734; ppageno 0'>
   <div class='ocr_carea' id='block_1_1' title="bbox 578 758 1297 823">
    <p class='ocr_par' dir='ltr' id='par_1_1' title="bbox 578 758 1297 823">
     <span class='ocr_line' id='line_1_1' title="bbox 578 758 1297 823; baseline 0 -2"><span class='ocrx_word' id='word_1_1' title='bbox 578 771 774 823; x_wconf 80' lang='lat' dir='ltr'><strong>nucrrouns</strong></span> <span class='ocrx_word' id='word_1_2' title='bbox 797 771 930 821; x_wconf 74' lang='lat' dir='ltr'><strong>vaura.</strong></span> <span class='ocrx_word' id='word_1_3' title='bbox 1233 758 1297 823; x_wconf 81' lang='lat'><strong>171</strong></span> 
     </span>
    </p>
   </div>
   <div class='ocr_carea' id='block_1_2' title="bbox 202 956 1349 4622">
    <p class='ocr_par' dir='ltr' id='par_1_2' title="bbox 202 956 1349 4622">
     <span class='ocr_line' id='line_1_2' title="bbox 204 956 1297 1036; baseline 0.001 -15"><span class='ocrx_word' id='word_1_4' title='bbox 204 978 283 1022; x_wconf 91' lang='lat' dir='ltr'><strong>cum</strong></span> <span class='ocrx_word' id='word_1_5' title='bbox 302 958 422 1023; x_wconf 74' lang='lat' dir='ltr'><strong>laesum</strong></span> <span class='ocrx_word' id='word_1_6' title='bbox 444 977 481 1022; x_wconf 89' lang='lat' dir='ltr'><strong>se</strong></span> <span class='ocrx_word' id='word_1_7' title='bbox 503 958 646 1022; x_wconf 79' lang='lat' dir='ltr'>senserit</span> <span class='ocrx_word' id='word_1_8' title='bbox 664 956 717 1021; x_wconf 92' lang='lat' dir='ltr'><strong>vel</strong></span> <span class='ocrx_word' id='word_1_9' title='bbox 740 965 931 1035; x_wconf 88' lang='lat' dir='ltr'><strong>cruentum,</strong></span> <span class='ocrx_word' id='word_1_10' title='bbox 954 956 1162 1036; x_wconf 87' lang='lat' dir='ltr'><strong>irascuntur,</strong></span> <span class='ocrx_word' id='word_1_11' title='bbox 1180 966 1217 1024; x_wconf 92' lang='lat' dir='ltr'><strong>et</strong></span> <span class='ocrx_word' id='word_1_12' title='bbox 1234 979 1297 1023; x_wconf 82' lang='lat' dir='ltr'><strong>ex·</strong></span> 
     </span>
     <span class='ocr_line' id='line_1_3' title="bbox 205 1055 1296 1141; baseline 0.001 -19"><span class='ocrx_word' id='word_1_13' title='bbox 205 1066 323 1123; x_wconf 89' lang='lat' dir='ltr'><strong>cutere</strong></span> <span class='ocrx_word' id='word_1_14' title='bbox 348 1058 438 1124; x_wconf 90' lang='lat' dir='ltr'><strong>colla</strong></span> <span class='ocrx_word' id='word_1_15' title='bbox 467 1057 509 1122; x_wconf 90' lang='lat' dir='ltr'><strong>de</strong></span> <span class='ocrx_word' id='word_1_16' title='bbox 537 1056 602 1120; x_wconf 90' lang='lat' dir='ltr'><strong>sub</strong></span> <span class='ocrx_word' id='word_1_17' title='bbox 626 1056 714 1140; x_wconf 81' lang='lat' dir='ltr'><strong>jugo</strong></span> <span class='ocrx_word' id='word_1_18' title='bbox 742 1055 977 1140; x_wconf 88' lang='lat' dir='ltr'><strong>opprimentis,</strong></span> <span class='ocrx_word' id='word_1_19' title='bbox 1006 1057 1071 1121; x_wconf 89' lang='lat' dir='ltr'><strong>etsi</strong></span> <span class='ocrx_word' id='word_1_20' title='bbox 1099 1077 1188 1136; x_wconf 89' lang='lat' dir='ltr'><strong>sero,</strong></span> <span class='ocrx_word' id='word_1_21' title='bbox 1216 1078 1296 1141; x_wconf 92' lang='lat' dir='ltr'><strong>pro-</strong></span> 
     </span>
     <span class='ocr_line' id='line_1_4' title="bbox 204 1155 1294 1240; baseline 0.002 -20"><span class='ocrx_word' id='word_1_22' title='bbox 204 1166 338 1240; x_wconf 93' lang='lat' dir='ltr'><strong>ponunt</strong></span> <span class='ocrx_word' id='word_1_23' title='bbox 369 1164 404 1222; x_wconf 91' lang='lat' dir='ltr'><strong>et</strong></span> <span class='ocrx_word' id='word_1_24' title='bbox 436 1157 627 1221; x_wconf 66' lang='lat' dir='ltr'><strong>conantur!</strong></span> <span class='ocrx_word' id='word_1_25' title='bbox 689 1155 735 1220; x_wconf 89' lang='lat' dir='ltr'><strong>Et</strong></span> <span class='ocrx_word' id='word_1_26' title='bbox 762 1175 840 1220; x_wconf 93' lang='lat' dir='ltr'><strong>cum</strong></span> <span class='ocrx_word' id='word_1_27' title='bbox 867 1155 941 1220; x_wconf 84' lang='lat' dir='ltr'><strong>baec</strong></span> <span class='ocrx_word' id='word_1_28' title='bbox 972 1157 1087 1221; x_wconf 88' lang='lat' dir='ltr'><strong>omnia</strong></span> <span class='ocrx_word' id='word_1_29' title='bbox 1123 1159 1197 1240; x_wconf 89' lang='lat' dir='ltr'><strong>ipse</strong></span> <span class='ocrx_word' id='word_1_30' title='bbox 1232 1178 1294 1222; x_wconf 82' lang='lat' dir='ltr'><strong>rex</strong></span> 
     </span>
     <span class='ocr_line' id='line_1_5' title="bbox 205 1253 1297 1340; baseline 0.003 -20"><span class='ocrx_word' id='word_1_31' title='bbox 205 1257 406 1322; x_wconf 88' lang='lat' dir='ltr'><strong>admiralius</strong></span> <span class='ocrx_word' id='word_1_32' title='bbox 431 1255 597 1331; x_wconf 82' lang='lat' dir='ltr'><strong>audierat,</strong></span> <span class='ocrx_word' id='word_1_33' title='bbox 627 1253 820 1336; x_wconf 82' lang='lat' dir='ltr'><strong>Anglorum</strong></span> <span class='ocrx_word' id='word_1_34' title='bbox 843 1255 981 1320; x_wconf 83' lang='lat' dir='ltr'><strong>nimiam</strong></span> <span class='ocrx_word' id='word_1_35' title='bbox 1003 1255 1179 1338; x_wconf 73' lang='lat' dir='ltr'>redarguit</span> <span class='ocrx_word' id='word_1_36' title='bbox 1208 1259 1297 1340; x_wconf 87' lang='lat' dir='ltr'><strong>pati·</strong></span> 
     </span>
     <span class='ocr_line' id='line_1_6' title="bbox 205 1354 1296 1440; baseline 0.001 -20"><span class='ocrx_word' id='word_1_37' title='bbox 205 1358 349 1434; x_wconf 88' lang='lat' dir='ltr'><strong>entiam,</strong></span> <span class='ocrx_word' id='word_1_38' title='bbox 385 1374 489 1440; x_wconf 90' lang='lat' dir='ltr'><strong>quam</strong></span> <span class='ocrx_word' id='word_1_39' title='bbox 524 1354 842 1419; x_wconf 80' lang='lat' dir='ltr'><strong>formidolositatem</strong></span> <span class='ocrx_word' id='word_1_40' title='bbox 884 1362 978 1420; x_wconf 90' lang='lat' dir='ltr'><strong>recta</strong></span> <span class='ocrx_word' id='word_1_41' title='bbox 1014 1356 1296 1439; x_wconf 76' lang='lat' dir='ltr'><strong>interpretatione</strong></span> 
     </span>
     <span class='ocr_line' id='line_1_7' title="bbox 205 1454 1296 1539; baseline 0 -19"><span class='ocrx_word' id='word_1_42' title='bbox 205 1455 313 1521; x_wconf 87' lang='lat' dir='ltr'><strong>fuisse</strong></span> <span class='ocrx_word' id='word_1_43' title='bbox 337 1457 504 1539; x_wconf 85' lang='lat' dir='ltr'><strong>interpres</strong></span> <span class='ocrx_word' id='word_1_44' title='bbox 518 1455 677 1532; x_wconf 87' lang='lat' dir='ltr'><strong>asseruit,</strong></span> <span class='ocrx_word' id='word_1_45' title='bbox 699 1455 759 1536; x_wconf 92' lang='lat' dir='ltr'><strong>qui</strong></span> <span class='ocrx_word' id='word_1_46' title='bbox 781 1454 823 1518; x_wconf 90' lang='lat' dir='ltr'><strong>ad</strong></span> <span class='ocrx_word' id='word_1_47' title='bbox 849 1455 965 1519; x_wconf 88' lang='lat' dir='ltr'><strong>omnia</strong></span> <span class='ocrx_word' id='word_1_48' title='bbox 980 1473 1132 1537; x_wconf 72' lang='lat' dir='ltr'><strong>praeseus</strong></span> <span class='ocrx_word' id='word_1_49' title='bbox 1153 1457 1296 1521; x_wconf 84' lang='lat' dir='ltr'><strong>exstite-</strong></span> 
     </span>
     <span class='ocr_line' id='line_1_8' title="bbox 205 1554 1296 1637; baseline 0.001 -18"><span class='ocrx_word' id='word_1_50' title='bbox 205 1562 274 1620; x_wconf 89' lang='lat' dir='ltr'><strong>rat.</strong></span> <span class='ocrx_word' id='word_1_51' title='bbox 325 1555 458 1620; x_wconf 86' lang='lat' dir='ltr'><strong>Multos</strong></span> <span class='ocrx_word' id='word_1_52' title='bbox 483 1562 598 1618; x_wconf 88' lang='lat' dir='ltr'><strong>autem</strong></span> <span class='ocrx_word' id='word_1_53' title='bbox 621 1559 746 1637; x_wconf 85' lang='lat' dir='ltr'><strong>praeter</strong></span> <span class='ocrx_word' id='word_1_54' title='bbox 769 1554 833 1618; x_wconf 91' lang='lat' dir='ltr'><strong>bos</strong></span> <span class='ocrx_word' id='word_1_55' title='bbox 856 1560 1024 1618; x_wconf 83' lang='lat' dir='ltr'><strong>tractatus</strong></span> <span class='ocrx_word' id='word_1_56' title='bbox 1045 1561 1081 1619; x_wconf 92' lang='lat' dir='ltr'><strong>et</strong></span> <span class='ocrx_word' id='word_1_57' title='bbox 1097 1554 1296 1620; x_wconf 86' lang='lat' dir='ltr'><strong>confabula-</strong></span> 
     </span>
     <span class='ocr_line' id='line_1_9' title="bbox 205 1652 1297 1737; baseline 0 -17"><span class='ocrx_word' id='word_1_58' title='bbox 205 1656 319 1720; x_wconf 86' lang='lat' dir='ltr'><strong>tiones</strong></span> <span class='ocrx_word' id='word_1_59' title='bbox 340 1654 461 1719; x_wconf 90' lang='lat' dir='ltr'><strong>babuit</strong></span> <span class='ocrx_word' id='word_1_60' title='bbox 480 1653 569 1718; x_wconf 92' lang='lat' dir='ltr'><strong>idem</strong></span> <span class='ocrx_word' id='word_1_61' title='bbox 592 1672 654 1718; x_wconf 82' lang='lat' dir='ltr'><strong>rex</strong></span> <span class='ocrx_word' id='word_1_62' title='bbox 673 1672 751 1717; x_wconf 91' lang='lat' dir='ltr'><strong>cum</strong></span> <span class='ocrx_word' id='word_1_63' title='bbox 766 1653 885 1717; x_wconf 90' lang='lat' dir='ltr'><strong>eodem</strong></span> <span class='ocrx_word' id='word_1_64' title='bbox 901 1652 1068 1730; x_wconf 87' lang='lat' dir='ltr'><strong>Roberto,</strong></span> <span class='ocrx_word' id='word_1_65' title='bbox 1082 1673 1160 1737; x_wconf 74' lang='lat' dir='ltr'><strong>quae</strong></span> <span class='ocrx_word' id='word_1_66' title='bbox 1175 1663 1297 1737; x_wconf 85' lang='lat' dir='ltr'><strong>postea</strong></span> 
     </span>
     <span class='ocr_line' id='line_1_10' title="bbox 207 1750 1295 1838; baseline 0.001 -19"><span class='ocrx_word' id='word_1_67' title='bbox 207 1755 326 1819; x_wconf 87' lang='lat' dir='ltr'><strong>amicis</strong></span> <span class='ocrx_word' id='word_1_68' title='bbox 350 1754 485 1837; x_wconf 83' lang='lat' dir='ltr'><strong>plenius</strong></span> <span class='ocrx_word' id='word_1_69' title='bbox 499 1753 535 1816; x_wconf 92' lang='lat' dir='ltr'><strong>in</strong></span> <span class='ocrx_word' id='word_1_70' title='bbox 550 1750 680 1834; x_wconf 79' lang='lat' dir='ltr'><strong>Anglia</strong></span> <span class='ocrx_word' id='word_1_71' title='bbox 694 1751 894 1817; x_wconf 81' lang='lat' dir='ltr'><strong>declaravit.</strong></span> <span class='ocrx_word' id='word_1_72' title='bbox 946 1752 1089 1818; x_wconf 80' lang='lat' dir='ltr'><strong>Callatis</strong></span> <span class='ocrx_word' id='word_1_73' title='bbox 1106 1754 1212 1835; x_wconf 78' lang='lat' dir='ltr'><strong>igitur</strong></span> <span class='ocrx_word' id='word_1_74' title='bbox 1228 1754 1295 1838; x_wconf 91' lang='lat' dir='ltr'><strong>ipsi</strong></span> 
     </span>
     <span class='ocr_line' id='line_1_11' title="bbox 208 1851 1295 1935; baseline -0.001 -16"><span class='ocrx_word' id='word_1_75' title='bbox 208 1853 362 1919; x_wconf 87' lang='lat' dir='ltr'><strong>Roberto</strong></span> <span class='ocrx_word' id='word_1_76' title='bbox 378 1853 573 1917; x_wconf 91' lang='lat' dir='ltr'><strong>muneribus</strong></span> <span class='ocrx_word' id='word_1_77' title='bbox 588 1851 762 1935; x_wconf 85' lang='lat' dir='ltr'><strong>pretiosis,</strong></span> <span class='ocrx_word' id='word_1_78' title='bbox 778 1852 814 1916; x_wconf 93' lang='lat' dir='ltr'><strong>in</strong></span> <span class='ocrx_word' id='word_1_79' title='bbox 829 1871 914 1917; x_wconf 91' lang='lat' dir='ltr'><strong>auro</strong></span> <span class='ocrx_word' id='word_1_80' title='bbox 929 1860 965 1917; x_wconf 93' lang='lat' dir='ltr'><strong>et</strong></span> <span class='ocrx_word' id='word_1_81' title='bbox 980 1861 1136 1935; x_wconf 76' lang='lat' dir='ltr'><strong>argento,</strong></span> <span class='ocrx_word' id='word_1_82' title='bbox 1152 1856 1295 1934; x_wconf 81' lang='lat' dir='ltr'><strong>gemmis</strong></span> 
     </span>
     <span class='ocr_line' id='line_1_12' title="bbox 206 1951 1295 2035; baseline 0.002 -18"><span class='ocrx_word' id='word_1_83' title='bbox 206 1954 313 2017; x_wconf 82' lang='lat' dir='ltr'><strong>variis</strong></span> <span class='ocrx_word' id='word_1_84' title='bbox 339 1960 375 2018; x_wconf 90' lang='lat' dir='ltr'><strong>et</strong></span> <span class='ocrx_word' id='word_1_85' title='bbox 398 1951 609 2027; x_wconf 83' lang='lat' dir='ltr'><strong>holosericis,</strong></span> <span class='ocrx_word' id='word_1_86' title='bbox 629 1953 741 2034; x_wconf 90' lang='lat' dir='ltr'><strong>ipsum</strong></span> <span class='ocrx_word' id='word_1_87' title='bbox 762 1951 799 2014; x_wconf 92' lang='lat' dir='ltr'><strong>in</strong></span> <span class='ocrx_word' id='word_1_88' title='bbox 821 1970 907 2035; x_wconf 90' lang='lat' dir='ltr'><strong>pace</strong></span> <span class='ocrx_word' id='word_1_89' title='bbox 929 1951 1073 2032; x_wconf 87' lang='lat' dir='ltr'><strong>dimisit;</strong></span> <span class='ocrx_word' id='word_1_90' title='bbox 1099 1953 1295 2020; x_wconf 86' lang='lat' dir='ltr'><strong>recedentes</strong></span> 
     </span>
     <span class='ocr_line' id='line_1_13' title="bbox 206 2050 1294 2134; baseline 0.002 -18"><span class='ocrx_word' id='word_1_91' title='bbox 206 2060 323 2118; x_wconf 90' lang='lat' dir='ltr'><strong>autem</strong></span> <span class='ocrx_word' id='word_1_92' title='bbox 337 2052 477 2117; x_wconf 89' lang='lat' dir='ltr'><strong>nuutios</strong></span> <span class='ocrx_word' id='word_1_93' title='bbox 499 2051 586 2116; x_wconf 89' lang='lat' dir='ltr'><strong>alios</strong></span> <span class='ocrx_word' id='word_1_94' title='bbox 600 2070 664 2115; x_wconf 86' lang='lat' dir='ltr'><strong>uec</strong></span> <span class='ocrx_word' id='word_1_95' title='bbox 679 2050 859 2129; x_wconf 86' lang='lat' dir='ltr'><strong>salutavit,</strong></span> <span class='ocrx_word' id='word_1_96' title='bbox 876 2070 938 2115; x_wconf 89' lang='lat' dir='ltr'><strong>uec</strong></span> <span class='ocrx_word' id='word_1_97' title='bbox 953 2051 1124 2134; x_wconf 78' lang='lat' dir='ltr'><strong>aliquibus</strong></span> <span class='ocrx_word' id='word_1_98' title='bbox 1145 2054 1294 2118; x_wconf 89' lang='lat' dir='ltr'><strong>muneri·</strong></span> 
     </span>
     <span class='ocr_line' id='line_1_14' title="bbox 206 2150 1296 2234; baseline 0.004 -19"><span class='ocrx_word' id='word_1_99' title='bbox 206 2152 272 2216; x_wconf 89' lang='lat' dir='ltr'><strong>bus</strong></span> <span class='ocrx_word' id='word_1_100' title='bbox 289 2152 482 2217; x_wconf 82' lang='lat' dir='ltr'><strong>bonoravit.</strong></span> <span class='ocrx_word' id='word_1_101' title='bbox 533 2150 689 2232; x_wconf 87' lang='lat' dir='ltr'><strong>Cumque</strong></span> <span class='ocrx_word' id='word_1_102' title='bbox 711 2158 825 2214; x_wconf 90' lang='lat' dir='ltr'><strong>autem</strong></span> <span class='ocrx_word' id='word_1_103' title='bbox 852 2150 896 2215; x_wconf 89' lang='lat' dir='ltr'><strong>ad</strong></span> <span class='ocrx_word' id='word_1_104' title='bbox 921 2152 1061 2234; x_wconf 88' lang='lat' dir='ltr'><strong>propria</strong></span> <span class='ocrx_word' id='word_1_105' title='bbox 1085 2162 1296 2220; x_wconf 89' lang='lat' dir='ltr'><strong>remeassent</strong></span> 
     </span>
     <span class='ocr_line' id='line_1_15' title="bbox 208 2250 1294 2333; baseline 0.003 -19"><span class='ocrx_word' id='word_1_106' title='bbox 208 2252 330 2329; x_wconf 89' lang='lat' dir='ltr'><strong>nuntii,</strong></span> <span class='ocrx_word' id='word_1_107' title='bbox 347 2259 383 2315; x_wconf 92' lang='lat' dir='ltr'><strong>et</strong></span> <span class='ocrx_word' id='word_1_108' title='bbox 397 2270 473 2333; x_wconf 83' lang='lat' dir='ltr'><strong>quae</strong></span> <span class='ocrx_word' id='word_1_109' title='bbox 488 2250 646 2315; x_wconf 85' lang='lat' dir='ltr'><strong>viderant</strong></span> <span class='ocrx_word' id='word_1_110' title='bbox 661 2258 697 2313; x_wconf 93' lang='lat' dir='ltr'><strong>et</strong></span> <span class='ocrx_word' id='word_1_111' title='bbox 716 2250 896 2316; x_wconf 87' lang='lat' dir='ltr'><strong>audierant</strong></span> <span class='ocrx_word' id='word_1_112' title='bbox 909 2250 1048 2315; x_wconf 91' lang='lat' dir='ltr'><strong>domino</strong></span> <span class='ocrx_word' id='word_1_113' title='bbox 1062 2271 1126 2317; x_wconf 91' lang='lat' dir='ltr'><strong>suo</strong></span> <span class='ocrx_word' id='word_1_114' title='bbox 1144 2255 1294 2318; x_wconf 87' lang='lat' dir='ltr'><strong>renunti-</strong></span> 
     </span>
     <span class='ocr_line' id='line_1_16' title="bbox 206 2349 1294 2427; baseline 0.002 -12"><span class='ocrx_word' id='word_1_115' title='bbox 206 2358 335 2427; x_wconf 81' lang='lat' dir='ltr'><strong>assent,</strong></span> <span class='ocrx_word' id='word_1_116' title='bbox 350 2350 461 2415; x_wconf 88' lang='lat' dir='ltr'><strong>doluit</strong></span> <span class='ocrx_word' id='word_1_117' title='bbox 477 2349 633 2414; x_wconf 91' lang='lat' dir='ltr'><strong>dominus</strong></span> <span class='ocrx_word' id='word_1_118' title='bbox 659 2368 776 2413; x_wconf 90' lang='lat' dir='ltr'><strong>eorum</strong></span> <span class='ocrx_word' id='word_1_119' title='bbox 798 2368 861 2413; x_wconf 85' lang='lat' dir='ltr'><strong>rex</strong></span> <span class='ocrx_word' id='word_1_120' title='bbox 876 2349 900 2413; x_wconf 88' lang='lat' dir='ltr'>J</span> <span class='ocrx_word' id='word_1_121' title='bbox 902 2349 1054 2415; x_wconf 87' lang='lat' dir='ltr'><strong>ohannes</strong></span> <span class='ocrx_word' id='word_1_122' title='bbox 1078 2351 1294 2417; x_wconf 86' lang='lat' dir='ltr'><strong>vehementer</strong></span> 
     </span>
     <span class='ocr_line' id='line_1_17' title="bbox 206 2448 1294 2536; baseline 0.004 -22"><span class='ocrx_word' id='word_1_123' title='bbox 206 2469 316 2534; x_wconf 88' lang='lat' dir='ltr'><strong>usque</strong></span> <span class='ocrx_word' id='word_1_124' title='bbox 334 2450 379 2514; x_wconf 86' lang='lat' dir='ltr'><strong>ed</strong></span> <span class='ocrx_word' id='word_1_125' title='bbox 398 2449 539 2533; x_wconf 88' lang='lat' dir='ltr'><strong>spiritus</strong></span> <span class='ocrx_word' id='word_1_126' title='bbox 561 2448 834 2526; x_wconf 78' lang='lat' dir='ltr'><strong>amaritudinem,</strong></span> <span class='ocrx_word' id='word_1_127' title='bbox 859 2449 951 2531; x_wconf 93' lang='lat' dir='ltr'><strong>quod</strong></span> <span class='ocrx_word' id='word_1_128' title='bbox 974 2449 1024 2514; x_wconf 89' lang='lat' dir='ltr'><strong>sic</strong></span> <span class='ocrx_word' id='word_1_129' title='bbox 1047 2451 1091 2514; x_wconf 88' lang='lat' dir='ltr'><strong>ab</strong></span> <span class='ocrx_word' id='word_1_130' title='bbox 1116 2452 1193 2534; x_wconf 90' lang='lat' dir='ltr'><strong>ipso</strong></span> <span class='ocrx_word' id='word_1_131' title='bbox 1212 2473 1294 2536; x_wconf 78' lang='lat' dir='ltr'><strong>rege</strong></span> 
     </span>
     <span class='ocr_line' id='line_1_18' title="bbox 205 2547 1294 2636; baseline 0.003 -23"><span class='ocrx_word' id='word_1_132' title='bbox 205 2548 386 2614; x_wconf 85' lang='lat' dir='ltr'><strong>admiralio</strong></span> <span class='ocrx_word' id='word_1_133' title='bbox 401 2548 683 2613; x_wconf 87' lang='lat' dir='ltr'><strong>contemnebatur</strong></span> <span class='ocrx_word' id='word_1_134' title='bbox 696 2555 732 2613; x_wconf 90' lang='lat' dir='ltr'><strong>et</strong></span> <span class='ocrx_word' id='word_1_135' title='bbox 745 2547 838 2630; x_wconf 92' lang='lat' dir='ltr'><strong>quod</strong></span> <span class='ocrx_word' id='word_1_136' title='bbox 854 2549 891 2612; x_wconf 92' lang='lat' dir='ltr'><strong>in</strong></span> <span class='ocrx_word' id='word_1_137' title='bbox 910 2549 1086 2633; x_wconf 89' lang='lat' dir='ltr'><strong>proposito</strong></span> <span class='ocrx_word' id='word_1_138' title='bbox 1101 2570 1166 2616; x_wconf 90' lang='lat' dir='ltr'><strong>suo</strong></span> <span class='ocrx_word' id='word_1_139' title='bbox 1186 2552 1294 2636; x_wconf 94' lang='lat' dir='ltr'><strong>impe-</strong></span> 
     </span>
     <span class='ocr_line' id='line_1_19' title="bbox 204 2647 1294 2717; baseline 0.005 -5"><span class='ocrx_word' id='word_1_140' title='bbox 204 2648 373 2713; x_wconf 86' lang='lat' dir='ltr'><strong>diebatur.</strong></span> <span class='ocrx_word' id='word_1_141' title='bbox 425 2647 600 2713; x_wconf 88' lang='lat' dir='ltr'><strong>Robertus</strong></span> <span class='ocrx_word' id='word_1_142' title='bbox 616 2655 730 2712; x_wconf 87' lang='lat' dir='ltr'><strong>autem</strong></span> <span class='ocrx_word' id='word_1_143' title='bbox 754 2648 796 2712; x_wconf 94' lang='lat' dir='ltr'><strong>de</strong></span> <span class='ocrx_word' id='word_1_144' title='bbox 818 2650 992 2713; x_wconf 81' lang='lat' dir='ltr'><strong>extraneis</strong></span> <span class='ocrx_word' id='word_1_145' title='bbox 1014 2649 1112 2714; x_wconf 89' lang='lat' dir='ltr'><strong>donis</strong></span> <span class='ocrx_word' id='word_1_146' title='bbox 1133 2651 1200 2715; x_wconf 89' lang='lat' dir='ltr'><strong>sibi</strong></span> <span class='ocrx_word' id='word_1_147' title='bbox 1222 2652 1294 2717; x_wconf 92' lang='lat' dir='ltr'><strong>col·</strong></span> 
     </span>
     <span class='ocr_line' id='line_1_20' title="bbox 204 2746 1294 2834; baseline 0.005 -23"><span class='ocrx_word' id='word_1_148' title='bbox 204 2747 285 2812; x_wconf 88' lang='lat' dir='ltr'><strong>latis</strong></span> <span class='ocrx_word' id='word_1_149' title='bbox 300 2766 415 2830; x_wconf 78' lang='lat' dir='ltr'><strong>regern</strong></span> <span class='ocrx_word' id='word_1_150' title='bbox 431 2746 617 2812; x_wconf 82' lang='lat' dir='ltr'><strong>liberaliter</strong></span> <span class='ocrx_word' id='word_1_151' title='bbox 640 2748 803 2830; x_wconf 84' lang='lat' dir='ltr'><strong>respexit,</strong></span> <span class='ocrx_word' id='word_1_152' title='bbox 826 2756 866 2812; x_wconf 89' lang='lat' dir='ltr'><strong>ut</strong></span> <span class='ocrx_word' id='word_1_153' title='bbox 884 2748 1007 2813; x_wconf 85' lang='lat' dir='ltr'><strong>saltem</strong></span> <span class='ocrx_word' id='word_1_154' title='bbox 1029 2750 1080 2813; x_wconf 90' lang='lat' dir='ltr'><strong>sic</strong></span> <span class='ocrx_word' id='word_1_155' title='bbox 1104 2750 1294 2834; x_wconf 82' lang='lat' dir='ltr'><strong>perciperet</strong></span> 
     </span>
     <span class='ocr_line' id='line_1_21' title="bbox 204 2846 1292 2933; baseline 0.005 -22"><span class='ocrx_word' id='word_1_156' title='bbox 204 2847 298 2930; x_wconf 93' lang='lat' dir='ltr'><strong>quod</strong></span> <span class='ocrx_word' id='word_1_157' title='bbox 325 2847 547 2912; x_wconf 83' lang='lat' dir='ltr'><strong>favorabilius</strong></span> <span class='ocrx_word' id='word_1_158' title='bbox 571 2846 648 2911; x_wconf 85' lang='lat' dir='ltr'><strong>aliis</strong></span> <span class='ocrx_word' id='word_1_159' title='bbox 674 2846 861 2924; x_wconf 89' lang='lat' dir='ltr'><strong>audiretur,</strong></span> <span class='ocrx_word' id='word_1_160' title='bbox 888 2846 970 2913; x_wconf 90' lang='lat' dir='ltr'><strong>licet</strong></span> <span class='ocrx_word' id='word_1_161' title='bbox 994 2849 1104 2931; x_wconf 92' lang='lat' dir='ltr'><strong>primo</strong></span> <span class='ocrx_word' id='word_1_162' title='bbox 1135 2851 1292 2933; x_wconf 87' lang='lat' dir='ltr'><strong>repulsus</strong></span> 
     </span>
     <span class='ocr_line' id='line_1_22' title="bbox 206 2945 1295 3029; baseline 0.006 -18"><span class='ocrx_word' id='word_1_163' title='bbox 206 2947 394 3028; x_wconf 86' lang='lat' dir='ltr'><strong>tacuisset;</strong></span> <span class='ocrx_word' id='word_1_164' title='bbox 416 2946 507 3011; x_wconf 87' lang='lat' dir='ltr'><strong>unde</strong></span> <span class='ocrx_word' id='word_1_165' title='bbox 526 2947 601 3028; x_wconf 88' lang='lat' dir='ltr'><strong>ipse</strong></span> <span class='ocrx_word' id='word_1_166' title='bbox 622 2965 685 3010; x_wconf 84' lang='lat' dir='ltr'><strong>rex</strong></span> <span class='ocrx_word' id='word_1_167' title='bbox 708 2947 820 3029; x_wconf 88' lang='lat' dir='ltr'><strong>ipsum</strong></span> <span class='ocrx_word' id='word_1_168' title='bbox 839 2945 918 3029; x_wconf 91' lang='lat' dir='ltr'><strong>plus</strong></span> <span class='ocrx_word' id='word_1_169' title='bbox 944 2946 1021 3012; x_wconf 87' lang='lat' dir='ltr'><strong>aliis</strong></span> <span class='ocrx_word' id='word_1_170' title='bbox 1042 2947 1234 3025; x_wconf 84' lang='lat' dir='ltr'><strong>bonoravit,</strong></span> <span class='ocrx_word' id='word_1_171' title='bbox 1259 2959 1295 3017; x_wconf 89' lang='lat' dir='ltr'><strong>et</strong></span> 
     </span>
     <span class='ocr_line' id='line_1_23' title="bbox 205 3045 1293 3129; baseline 0.004 -19"><span class='ocrx_word' id='word_1_172' title='bbox 205 3046 306 3129; x_wconf 88' lang='lat' dir='ltr'><strong>quasi</strong></span> <span class='ocrx_word' id='word_1_173' title='bbox 339 3066 402 3129; x_wconf 91' lang='lat' dir='ltr'><strong>pro</strong></span> <span class='ocrx_word' id='word_1_174' title='bbox 431 3046 574 3129; x_wconf 77' lang='lat' dir='ltr'><strong>praemio</strong></span> <span class='ocrx_word' id='word_1_175' title='bbox 604 3045 796 3110; x_wconf 88' lang='lat' dir='ltr'><strong>custodiam</strong></span> <span class='ocrx_word' id='word_1_176' title='bbox 831 3045 979 3110; x_wconf 71' lang='lat' dir='ltr'><strong>abbatiae</strong></span> <span class='ocrx_word' id='word_1_177' title='bbox 1010 3049 1121 3112; x_wconf 89' lang='lat' dir='ltr'><strong>sancti</strong></span> <span class='ocrx_word' id='word_1_178' title='bbox 1154 3047 1293 3128; x_wconf 86' lang='lat' dir='ltr'><strong>Albani,</strong></span> 
     </span>
     <span class='ocr_line' id='line_1_24' title="bbox 204 3146 1349 3229; baseline 0.004 -20"><span class='ocrx_word' id='word_1_179' title='bbox 204 3147 363 3229; x_wconf 84' lang='lat' dir='ltr'><strong>quamvis</strong></span> <span class='ocrx_word' id='word_1_180' title='bbox 379 3165 446 3210; x_wconf 91' lang='lat' dir='ltr'><strong>nou</strong></span> <span class='ocrx_word' id='word_1_181' title='bbox 469 3152 620 3222; x_wconf 83' lang='lat' dir='ltr'><strong>vacaret,</strong></span> <span class='ocrx_word' id='word_1_182' title='bbox 638 3146 813 3228; x_wconf 90' lang='lat' dir='ltr'><strong>improbus</strong></span> <span class='ocrx_word' id='word_1_183' title='bbox 833 3153 976 3210; x_wconf 85' lang='lat' dir='ltr'><strong>exactor</strong></span> <span class='ocrx_word' id='word_1_184' title='bbox 991 3148 1171 3226; x_wconf 88' lang='lat' dir='ltr'><strong>concessit,</strong></span> <span class='ocrx_word' id='word_1_185' title='bbox 1190 3156 1230 3213; x_wconf 90' lang='lat' dir='ltr'><strong>ut</strong></span> <span class='ocrx_word' id='word_1_186' title='bbox 1243 3151 1293 3215; x_wconf 90' lang='lat' dir='ltr'><strong>sic</strong></span> <span class='ocrx_word' id='word_1_187' title='bbox 1340 3160 1349 3175; x_wconf 89' lang='lat'><em>&#39;</em></span> 
     </span>
     <span class='ocr_line' id='line_1_25' title="bbox 204 3243 1293 3327; baseline 0.006 -19"><span class='ocrx_word' id='word_1_188' title='bbox 204 3245 248 3309; x_wconf 91' lang='lat' dir='ltr'><strong>de</strong></span> <span class='ocrx_word' id='word_1_189' title='bbox 266 3246 380 3311; x_wconf 85' lang='lat' dir='ltr'><strong>alieno</strong></span> <span class='ocrx_word' id='word_1_190' title='bbox 401 3245 563 3311; x_wconf 90' lang='lat' dir='ltr'><strong>clericum</strong></span> <span class='ocrx_word' id='word_1_191' title='bbox 586 3264 686 3309; x_wconf 89' lang='lat' dir='ltr'><strong>sunm</strong></span> <span class='ocrx_word' id='word_1_192' title='bbox 703 3243 780 3309; x_wconf 87' lang='lat' dir='ltr'><strong>fidei</strong></span> <span class='ocrx_word' id='word_1_193' title='bbox 803 3252 1035 3327; x_wconf 82' lang='lat' dir='ltr'><strong>transgressor</strong></span> <span class='ocrx_word' id='word_1_194' title='bbox 1050 3258 1293 3315; x_wconf 89' lang='lat' dir='ltr'><strong>remuneraret.</strong></span> 
     </span>
     <span class='ocr_line' id='line_1_26' title="bbox 206 3343 1295 3428; baseline 0.005 -20"><span class='ocrx_word' id='word_1_195' title='bbox 206 3343 289 3428; x_wconf 89' lang='lat' dir='ltr'><strong>Ipse</strong></span> <span class='ocrx_word' id='word_1_196' title='bbox 312 3346 419 3428; x_wconf 81' lang='lat' dir='ltr'><strong>igitur</strong></span> <span class='ocrx_word' id='word_1_197' title='bbox 434 3345 620 3423; x_wconf 88' lang='lat' dir='ltr'><strong>Robertus,</strong></span> <span class='ocrx_word' id='word_1_198' title='bbox 644 3344 852 3421; x_wconf 88' lang='lat' dir='ltr'><strong>inconsulto,</strong></span> <span class='ocrx_word' id='word_1_199' title='bbox 870 3344 939 3410; x_wconf 91' lang='lat' dir='ltr'><strong>imo</strong></span> <span class='ocrx_word' id='word_1_200' title='bbox 966 3347 1081 3428; x_wconf 71' lang='lat' dir='ltr'><strong>ponus</strong></span> <span class='ocrx_word' id='word_1_201' title='bbox 1104 3347 1213 3413; x_wconf 85' lang='lat' dir='ltr'><strong>invito</strong></span> <span class='ocrx_word' id='word_1_202' title='bbox 1233 3349 1295 3413; x_wconf 87' lang='lat' dir='ltr'><strong>ab·</strong></span> 
     </span>
     <span class='ocr_line' id='line_1_27' title="bbox 204 3443 1293 3528; baseline 0.004 -20"><span class='ocrx_word' id='word_1_203' title='bbox 204 3445 297 3522; x_wconf 90' lang='lat' dir='ltr'><strong>bate,</strong></span> <span class='ocrx_word' id='word_1_204' title='bbox 314 3446 374 3526; x_wconf 94' lang='lat' dir='ltr'><strong>qui</strong></span> <span class='ocrx_word' id='word_1_205' title='bbox 397 3464 460 3528; x_wconf 94' lang='lat' dir='ltr'><strong>pro</strong></span> <span class='ocrx_word' id='word_1_206' title='bbox 483 3452 636 3526; x_wconf 89' lang='lat' dir='ltr'><strong>tempore</strong></span> <span class='ocrx_word' id='word_1_207' title='bbox 657 3443 734 3521; x_wconf 89' lang='lat' dir='ltr'><strong>fnit,</strong></span> <span class='ocrx_word' id='word_1_208' title='bbox 757 3443 917 3509; x_wconf 84' lang='lat' dir='ltr'><strong>videlicet</strong></span> <span class='ocrx_word' id='word_1_209' title='bbox 933 3445 957 3509; x_wconf 88' lang='lat' dir='ltr'>J</span> <span class='ocrx_word' id='word_1_210' title='bbox 960 3445 1092 3510; x_wconf 90' lang='lat' dir='ltr'><strong>obanue</strong></span> <span class='ocrx_word' id='word_1_211' title='bbox 1112 3447 1155 3510; x_wconf 92' lang='lat' dir='ltr'><strong>de</strong></span> <span class='ocrx_word' id='word_1_212' title='bbox 1184 3447 1293 3526; x_wconf 86' lang='lat' dir='ltr'><strong>Cella,</strong></span> 
     </span>
     <span class='ocr_line' id='line_1_28' title="bbox 205 3543 1295 3628; baseline 0.005 -20"><span class='ocrx_word' id='word_1_213' title='bbox 205 3545 282 3608; x_wconf 83' lang='lat' dir='ltr'><strong>viro</strong></span> <span class='ocrx_word' id='word_1_214' title='bbox 299 3544 553 3626; x_wconf 81' lang='lat' dir='ltr'><strong>religiosissimo</strong></span> <span class='ocrx_word' id='word_1_215' title='bbox 568 3553 603 3608; x_wconf 89' lang='lat' dir='ltr'><strong>et</strong></span> <span class='ocrx_word' id='word_1_216' title='bbox 618 3543 862 3622; x_wconf 88' lang='lat' dir='ltr'><strong>literatissimo,</strong></span> <span class='ocrx_word' id='word_1_217' title='bbox 879 3546 992 3609; x_wconf 91' lang='lat' dir='ltr'><strong>omnia</strong></span> <span class='ocrx_word' id='word_1_218' title='bbox 1011 3564 1088 3628; x_wconf 82' lang='lat' dir='ltr'><strong>quae</strong></span> <span class='ocrx_word' id='word_1_219' title='bbox 1102 3546 1138 3609; x_wconf 94' lang='lat' dir='ltr'><strong>iu</strong></span> <span class='ocrx_word' id='word_1_220' title='bbox 1150 3547 1295 3613; x_wconf 88' lang='lat' dir='ltr'><strong>ecclesia</strong></span> 
     </span>
     <span class='ocr_line' id='line_1_29' title="bbox 205 3642 1291 3730; baseline 0.005 -24"><span class='ocrx_word' id='word_1_221' title='bbox 205 3649 241 3707; x_wconf 90' lang='lat' dir='ltr'><strong>et</strong></span> <span class='ocrx_word' id='word_1_222' title='bbox 262 3644 358 3707; x_wconf 89' lang='lat' dir='ltr'><strong>curia</strong></span> <span class='ocrx_word' id='word_1_223' title='bbox 383 3643 520 3708; x_wconf 86' lang='lat' dir='ltr'><strong>fuerunt</strong></span> <span class='ocrx_word' id='word_1_224' title='bbox 537 3662 600 3724; x_wconf 92' lang='lat' dir='ltr'><strong>pro</strong></span> <span class='ocrx_word' id='word_1_225' title='bbox 615 3642 715 3706; x_wconf 91' lang='lat' dir='ltr'><strong>libitu</strong></span> <span class='ocrx_word' id='word_1_226' title='bbox 739 3643 880 3725; x_wconf 91' lang='lat' dir='ltr'><strong>diripuit</strong></span> <span class='ocrx_word' id='word_1_227' title='bbox 896 3651 932 3708; x_wconf 90' lang='lat' dir='ltr'><strong>et</strong></span> <span class='ocrx_word' id='word_1_228' title='bbox 954 3645 1019 3708; x_wconf 91' lang='lat' dir='ltr'><strong>sibi</strong></span> <span class='ocrx_word' id='word_1_229' title='bbox 1032 3647 1291 3730; x_wconf 81' lang='lat' dir='ltr'><strong>appropriavit3</strong></span> 
     </span>
     <span class='ocr_line' id='line_1_30' title="bbox 205 3741 1293 3827; baseline 0.004 -20"><span class='ocrx_word' id='word_1_230' title='bbox 205 3750 240 3807; x_wconf 90' lang='lat' dir='ltr'><strong>et</strong></span> <span class='ocrx_word' id='word_1_231' title='bbox 256 3742 291 3806; x_wconf 92' lang='lat' dir='ltr'><strong>in</strong></span> <span class='ocrx_word' id='word_1_232' title='bbox 306 3743 460 3826; x_wconf 83' lang='lat' dir='ltr'><strong>qualibet</strong></span> <span class='ocrx_word' id='word_1_233' title='bbox 473 3741 613 3817; x_wconf 84' lang='lat' dir='ltr'><strong>bellive,</strong></span> <span class='ocrx_word' id='word_1_234' title='bbox 633 3761 720 3825; x_wconf 86' lang='lat' dir='ltr'><strong>quas</strong></span> <span class='ocrx_word' id='word_1_235' title='bbox 742 3742 953 3808; x_wconf 89' lang='lat' dir='ltr'><strong>obedientius</strong></span> <span class='ocrx_word' id='word_1_236' title='bbox 970 3745 1194 3827; x_wconf 88' lang='lat' dir='ltr'><strong>appellamus,</strong></span> <span class='ocrx_word' id='word_1_237' title='bbox 1211 3766 1293 3811; x_wconf 90' lang='lat' dir='ltr'><strong>con·</strong></span> 
     </span>
     <span class='ocr_line' id='line_1_31' title="bbox 205 3840 1293 3925; baseline 0.003 -19"><span class='ocrx_word' id='word_1_238' title='bbox 205 3841 331 3920; x_wconf 87' lang='lat' dir='ltr'><strong>stituit,</strong></span> <span class='ocrx_word' id='word_1_239' title='bbox 349 3843 497 3906; x_wconf 85' lang='lat' dir='ltr'><strong>maxime</strong></span> <span class='ocrx_word' id='word_1_240' title='bbox 520 3841 556 3904; x_wconf 92' lang='lat' dir='ltr'><strong>in</strong></span> <span class='ocrx_word' id='word_1_241' title='bbox 571 3841 692 3925; x_wconf 87' lang='lat' dir='ltr'><strong>janua,</strong></span> <span class='ocrx_word' id='word_1_242' title='bbox 715 3840 901 3924; x_wconf 88' lang='lat' dir='ltr'><strong>janitorem</strong></span> <span class='ocrx_word' id='word_1_243' title='bbox 923 3843 1073 3907; x_wconf 91' lang='lat' dir='ltr'><strong>omnium</strong></span> <span class='ocrx_word' id='word_1_244' title='bbox 1096 3843 1293 3925; x_wconf 79' lang='lat' dir='ltr'><strong>diligentem</strong></span> 
     </span>
     <span class='ocr_line' id='line_1_32' title="bbox 205 3940 1294 4024; baseline 0.003 -20"><span class='ocrx_word' id='word_1_245' title='bbox 205 3941 458 4024; x_wconf 84' lang='lat' dir='ltr'><strong>exploratorem</strong></span> <span class='ocrx_word' id='word_1_246' title='bbox 475 3946 511 4005; x_wconf 90' lang='lat' dir='ltr'><strong>et</strong></span> <span class='ocrx_word' id='word_1_247' title='bbox 526 3949 735 4023; x_wconf 87' lang='lat' dir='ltr'><strong>protervum,</strong></span> <span class='ocrx_word' id='word_1_248' title='bbox 749 3940 839 4004; x_wconf 87' lang='lat' dir='ltr'><strong>unde</strong></span> <span class='ocrx_word' id='word_1_249' title='bbox 854 3942 1036 4024; x_wconf 89' lang='lat' dir='ltr'><strong>plusquam</strong></span> <span class='ocrx_word' id='word_1_250' title='bbox 1053 3943 1146 4006; x_wconf 91' lang='lat' dir='ltr'><strong>mille</strong></span> <span class='ocrx_word' id='word_1_251' title='bbox 1160 3962 1294 4008; x_wconf 87' lang='lat' dir='ltr'><strong>marcas</strong></span> 
     </span>
     <span class='ocr_line' id='line_1_33' title="bbox 203 4039 1294 4108; baseline 0.004 -4"><span class='ocrx_word' id='word_1_252' title='bbox 203 4042 249 4105; x_wconf 88' lang='lat' dir='ltr'><strong>ab</strong></span> <span class='ocrx_word' id='word_1_253' title='bbox 266 4041 384 4105; x_wconf 87' lang='lat' dir='ltr'><strong>eadem</strong></span> <span class='ocrx_word' id='word_1_254' title='bbox 401 4041 503 4106; x_wconf 91' lang='lat' dir='ltr'><strong>domo</strong></span> <span class='ocrx_word' id='word_1_255' title='bbox 525 4046 639 4105; x_wconf 86' lang='lat' dir='ltr'><strong>astute</strong></span> <span class='ocrx_word' id='word_1_256' title='bbox 657 4039 757 4104; x_wconf 88' lang='lat' dir='ltr'><strong>nimis</strong></span> <span class='ocrx_word' id='word_1_257' title='bbox 776 4042 932 4105; x_wconf 83' lang='lat' dir='ltr'><strong>emunxit</strong></span> <span class='ocrx_word' id='word_1_258' title='bbox 954 4040 1126 4106; x_wconf 88' lang='lat' dir='ltr'><strong>Robertus</strong></span> <span class='ocrx_word' id='word_1_259' title='bbox 1151 4041 1294 4108; x_wconf 87' lang='lat' dir='ltr'><strong>clericus</strong></span> 
     </span>
     <span class='ocr_line' id='line_1_34' title="bbox 203 4139 1294 4225; baseline 0.003 -21"><span class='ocrx_word' id='word_1_260' title='bbox 203 4149 422 4206; x_wconf 88' lang='lat' dir='ltr'><strong>memoratus.</strong></span> <span class='ocrx_word' id='word_1_261' title='bbox 465 4139 535 4203; x_wconf 90' lang='lat' dir='ltr'><strong>Hic</strong></span> <span class='ocrx_word' id='word_1_262' title='bbox 553 4148 667 4204; x_wconf 71' lang='lat' dir='ltr'><strong>minen</strong></span> <span class='ocrx_word' id='word_1_263' title='bbox 684 4139 851 4222; x_wconf 88' lang='lat' dir='ltr'><strong>quosdam</strong></span> <span class='ocrx_word' id='word_1_264' title='bbox 865 4140 999 4204; x_wconf 88' lang='lat' dir='ltr'><strong>abbatis</strong></span> <span class='ocrx_word' id='word_1_265' title='bbox 1016 4140 1189 4204; x_wconf 87' lang='lat' dir='ltr'><strong>ministros</strong></span> <span class='ocrx_word' id='word_1_266' title='bbox 1205 4161 1294 4225; x_wconf 73' lang='lat' dir='ltr'><strong>prae·</strong></span> 
     </span>
     <span class='ocr_line' id='line_1_35' title="bbox 202 4237 1294 4323; baseline 0.004 -20"><span class='ocrx_word' id='word_1_267' title='bbox 202 4242 335 4323; x_wconf 88' lang='lat' dir='ltr'><strong>cipuos,</strong></span> <span class='ocrx_word' id='word_1_268' title='bbox 357 4260 435 4306; x_wconf 94' lang='lat' dir='ltr'><strong>cum</strong></span> <span class='ocrx_word' id='word_1_269' title='bbox 460 4239 609 4323; x_wconf 88' lang='lat' dir='ltr'><strong>quodam</strong></span> <span class='ocrx_word' id='word_1_270' title='bbox 634 4239 746 4303; x_wconf 87' lang='lat' dir='ltr'><strong>sancti</strong></span> <span class='ocrx_word' id='word_1_271' title='bbox 770 4237 901 4304; x_wconf 82' lang='lat' dir='ltr'><strong>Albani</strong></span> <span class='ocrx_word' id='word_1_272' title='bbox 928 4239 1107 4317; x_wconf 89' lang='lat' dir='ltr'><strong>monacho,</strong></span> <span class='ocrx_word' id='word_1_273' title='bbox 1134 4238 1294 4307; x_wconf 80' lang='lat' dir='ltr'><strong>videlicet</strong></span> 
     </span>
     <span class='ocr_line' id='line_1_36' title="bbox 203 4338 1294 4415; baseline 0.002 -12"><span class='ocrx_word' id='word_1_274' title='bbox 203 4339 378 4404; x_wconf 88' lang='lat' dir='ltr'><strong>domiuum</strong></span> <span class='ocrx_word' id='word_1_275' title='bbox 397 4339 620 4404; x_wconf 89' lang='lat' dir='ltr'><strong>Laurentium</strong></span> <span class='ocrx_word' id='word_1_276' title='bbox 644 4338 900 4403; x_wconf 80' lang='lat' dir='ltr'><strong>seneschallum</strong></span> <span class='ocrx_word' id='word_1_277' title='bbox 923 4340 1076 4415; x_wconf 90' lang='lat' dir='ltr'><strong>militem,</strong></span> <span class='ocrx_word' id='word_1_278' title='bbox 1091 4346 1126 4404; x_wconf 91' lang='lat' dir='ltr'><strong>et</strong></span> <span class='ocrx_word' id='word_1_279' title='bbox 1141 4339 1294 4405; x_wconf 89' lang='lat' dir='ltr'><strong>Lauren·</strong></span> 
     </span>
     <span class='ocr_line' id='line_1_37' title="bbox 204 4437 1295 4524; baseline 0.002 -21"><span class='ocrx_word' id='word_1_280' title='bbox 204 4439 290 4504; x_wconf 92' lang='lat' dir='ltr'><strong>tium</strong></span> <span class='ocrx_word' id='word_1_281' title='bbox 308 4440 481 4519; x_wconf 90' lang='lat' dir='ltr'><strong>clericum,</strong></span> <span class='ocrx_word' id='word_1_282' title='bbox 499 4450 536 4505; x_wconf 89' lang='lat' dir='ltr'><strong>et</strong></span> <span class='ocrx_word' id='word_1_283' title='bbox 558 4439 760 4520; x_wconf 75' lang='lat' dir='ltr'><strong>magistrum</strong></span> <span class='ocrx_word' id='word_1_284' title='bbox 778 4437 972 4504; x_wconf 89' lang='lat' dir='ltr'><strong>Walterum</strong></span> <span class='ocrx_word' id='word_1_285' title='bbox 995 4438 1198 4504; x_wconf 86' lang='lat' dir='ltr'><strong>monachum</strong></span> <span class='ocrx_word' id='word_1_286' title='bbox 1223 4442 1295 4524; x_wconf 85' lang='lat' dir='ltr'><strong>pic-</strong></span> 
     </span>
     <span class='ocr_line' id='line_1_38' title="bbox 204 4538 1293 4622; baseline 0.002 -19"><span class='ocrx_word' id='word_1_287' title='bbox 204 4547 325 4618; x_wconf 91' lang='lat' dir='ltr'><strong>torem,</strong></span> <span class='ocrx_word' id='word_1_288' title='bbox 342 4539 466 4605; x_wconf 82' lang='lat' dir='ltr'><strong>dilexit</strong></span> <span class='ocrx_word' id='word_1_289' title='bbox 482 4546 522 4617; x_wconf 82' lang='lat' dir='ltr'><strong>¹ot</strong></span> <span class='ocrx_word' id='word_1_290' title='bbox 537 4538 658 4604; x_wconf 89' lang='lat' dir='ltr'><strong>babuit</strong></span> <span class='ocrx_word' id='word_1_291' title='bbox 674 4538 872 4617; x_wconf 80' lang='lat' dir='ltr'><strong>familiares,</strong></span> <span class='ocrx_word' id='word_1_292' title='bbox 894 4539 1018 4622; x_wconf 89' lang='lat' dir='ltr'><strong>quibus</strong></span> <span class='ocrx_word' id='word_1_293' title='bbox 1037 4558 1190 4622; x_wconf 76' lang='lat' dir='ltr'><strong>gemmas</strong></span> <span class='ocrx_word' id='word_1_294' title='bbox 1211 4560 1293 4605; x_wconf 88' lang='lat' dir='ltr'><strong>suas</strong></span> 
     </span>
    </p>
   </div>
   <div class='ocr_carea' id='block_1_3' title="bbox 0 0 1672 5734">
    <p class='ocr_par' dir='ltr' id='par_1_3' title="bbox 0 0 1672 5734">
     <span class='ocr_line' id='line_1_39' title="bbox 0 0 1672 5734; baseline 0 0"><span class='ocrx_word' id='word_1_295' title='bbox 0 0 1672 5734; x_wconf 95' lang='lat' dir='ltr'><strong> </strong></span> 
     </span>
    </p>
   </div>
  </div>
 </body>
</html>
