3334 5734
359 728 426 795 300
734 742 933 793 nscrrouss
955 742 1087 792 vsarn.

363 926 425 993 Eis
437 932 553 994 autern
568 924 628 1009 qui
648 945 718 991 non
739 926 776 991 in
797 924 953 1009 personis
974 922 1122 1008 propriis
1138 922 1219 988 illuc
1234 922 1455 1001 accesserint,

363 1026 424 1092 sed
444 1027 481 1092 in
498 1026 569 1092 suis
584 1026 756 1091 duntaxat
773 1024 936 1109 expensis
953 1024 1060 1109 juxta
1072 1022 1272 1089 facultatem
1291 1030 1328 1088 et
1346 1041 1455 1107 qnan-

363 1127 498 1193 titatem
515 1145 613 1191 suam
629 1126 722 1191 viros
743 1124 885 1191 idoneos
906 1123 1164 1202 destinaverint,
1185 1122 1311 1187 stillis
1336 1123 1455 1187 simili-

364 1233 428 1306 ter,
445 1227 516 1310 qui,
533 1225 614 1291 licet
629 1226 666 1289 in
688 1224 808 1290 alienis
826 1224 1000 1307 expensis,
1020 1223 1056 1289 in
1078 1223 1224 1306 propriis
1240 1230 1355 1289 tamen
1377 1242 1454 1306 per·

362 1326 455 1391 sonis
482 1326 701 1403 accesserint,
734 1324 870 1409 plenam
899 1342 1040 1388 suornm
1070 1322 1287 1388 concedimus
1318 1323 1454 1387 reniam

362 1433 595 1510 peccatorum.
639 1424 758 1509 Hujus
771 1443 908 1508 quoque
923 1422 1134 1489 remissionis
1150 1422 1307 1487 volumus
1321 1428 1357 1486 et
1373 1440 1455 1487 con·

363 1525 514 1590 cedimus
537 1544 613 1590 esse
641 1525 839 1609 participes,
857 1523 964 1608 juxta
988 1519 1216 1607 quantitatem
1246 1522 1391 1587 subsidii
1419 1528 1455 1587 et

363 1624 555 1690 devotionis
581 1623 751 1701 affectum,
775 1622 970 1706 omnesqui
991 1623 1034 1687 ad
1060 1622 1319 1687 subventionem
1344 1622 1453 1705 ipsius

363 1731 465 1790 terrae
495 1724 537 1789 de
564 1724 663 1790 bonis
693 1724 766 1788 suis
793 1742 944 1805 congrue
976 1722 1229 1787 ministrabunt.
1281 1720 1454 1785 Personas

364 1843 501 1907 quoqne
527 1825 679 1908 ipsorum
708 1829 744 1888 et
769 1824 872 1898 bona,
899 1841 945 1887 ex
968 1841 1038 1905 quo
1059 1840 1194 1886 crucem
1218 1828 1454 1905 susceperunt,

363 1925 428 1988 sub
444 1924 537 1989 beati
555 1922 652 1989 Petri
668 1930 705 1988 et
720 1930 838 1987 nostra
854 1922 1065 2005 protectione
1086 1921 1302 2005 suscipimus,
1321 1939 1454 1986 necnon

363 2032 400 2090 et
417 2022 537 2089 eadem
562 2024 626 2088 sub
647 2022 980 2107 archiepiscoporum
1003 2029 1039 2086 et
1058 2020 1210 2085 omnium
1234 2019 1454 2104 prelatorum

363 2123 517 2189 ecclesiae
532 2122 600 2188 Dei
610 2123 806 2188 defensione
822 2121 1032 2200 consistant3
1058 2127 1262 2197 statuentes,
1278 2126 1330 2199 nt,
1344 2119 1454 2185 donec

363 2222 406 2288 de
427 2223 579 2306 ipsorum
600 2222 697 2288 obitu
713 2222 767 2288 rel
788 2221 899 2286 reditu
923 2219 1110 2285 certissime
1138 2227 1378 2302 cognoscatur,
1404 2220 1453 2284 in-

364 2330 463 2404 tegra
478 2329 639 2387 maneant
655 2330 690 2386 et
704 2340 826 2386 secura
844 2321 1049 2386 consistant.
1100 2319 1212 2385 Porro
1233 2319 1453 2385 ecclesiarum

363 2420 510 2505 praelati,
525 2421 583 2505 qui
598 2421 634 2484 in
649 2418 842 2485 exhibenda
853 2419 994 2504 justitia
1009 2419 1272 2503 crucesignatis
1288 2425 1324 2485 et
1336 2438 1452 2485 eorum

363 2519 503 2585 familiis
527 2520 740 2602 negligentes
757 2518 964 2596 exstiterint,
980 2519 1092 2583 sciant
1112 2538 1150 2584 se
1177 2520 1330 2601 graviter
1356 2519 1453 2603 puni·

364 2618 482 2685 andos.
534 2618 684 2699 Quodsi
706 2618 888 2703 quisquam
910 2618 1081 2684 contraire
1102 2619 1371 2703 presumpserit,
1394 2639 1454 2702 per

364 2718 584 2785 ecclesiarum
614 2718 789 2803 praelatos,
822 2717 1052 2802 appellatione
1078 2719 1284 2803 postposita,
1309 2737 1455 2784 censura

364 2818 596 2885 ecclesiastica
618 2824 866 2902 compescatur.
916 2817 954 2882 si
977 2818 1036 2901 qui
1059 2837 1140 2883 vero
1167 2819 1454 2902 proficiscentium

364 2919 447 2984 illuc
466 2918 512 2984 ad
532 2918 747 3002 praestandas
771 2935 893 2982 usuras
909 2916 1108 3001 juramento
1134 2924 1295 2983 tenentur
1311 2919 1454 2997 astricti,

365 3018 550 3084 creditores
573 3037 693 3083 eorum
712 3037 774 3101 per
792 3015 1011 3082 ecclesiarum
1029 3016 1203 3100 prelatos,
1221 3027 1261 3083 ut
1278 3018 1454 3084 remittant

366 3118 416 3183 eis
445 3119 638 3201 praestitum
664 3117 899 3202 juramentum
929 3121 965 3181 et
996 3117 1041 3180 ab
1068 3134 1250 3182 usurarum
1275 3118 1455 3183 exactione

364 3217 544 3295 desistunt,
559 3217 677 3283 eadem
691 3216 907 3300 precipimus
922 3215 1135 3282 districtione
1148 3217 1318 3301 compelli.
1352 3216 1454 3297 Quod

367 3318 398 3382 si
427 3318 608 3400 quisquam
642 3315 847 3381 creditorum
885 3334 945 3380 eos
982 3314 1026 3380 ad
1064 3315 1271 3383 solutionem
1303 3318 1455 3400 coegerit

365 3435 558 3492 usurarum,
579 3435 656 3481 eum
679 3415 723 3480 ad
745 3414 995 3481 restitutionem
1012 3435 1127 3480 earum
1151 3415 1253 3481 simili
1278 3416 1356 3498 cogi
1380 3417 1454 3484 anie

367 3515 603 3581 madversione
627 3514 849 3594 mandamns;
882 3513 1026 3580 ludaeos
1054 3535 1136 3580 vero
1158 3516 1204 3580 ad
1235 3516 1453 3581 remittendas

367 3616 452 3699 ipsis
468 3633 592 3680 usuras
608 3633 670 3698 per
685 3615 884 3680 saecularem
898 3614 1055 3698 compelli
1069 3616 1286 3700 precipimus
1304 3623 1454 3699 potesta·

369 3722 461 3792 tem;
493 3722 540 3794 et,
574 3714 681 3780 donec
710 3714 778 3779 illis
812 3714 1014 3792 remiserint,
1048 3716 1091 3779 ab
1124 3716 1292 3780 universis
1327 3714 1454 3781 Christi

367 3815 536 3893 fidelibus,
556 3814 680 3879 tamin
695 3813 924 3879 mercimoniis
940 3833 1045 3897 quam
1066 3815 1102 3879 in
1123 3814 1213 3895 aliis,
1233 3835 1296 3899 per
1317 3834 1455 3881 excom·

367 3913 608 3980 manicationis
631 3915 835 3979 sententiam
863 3915 914 3979 eis
937 3915 1075 3981 omnino
1101 3916 1293 3980 communio
1311 3914 1456 3998 denege-

368 4021 436 4081 tur.
499 4014 580 4079 Hiis
607 4033 702 4091 vero,
732 4014 793 4096 qui
820 4011 954 4078 Judaeis
983 4013 1099 4080 debita
1128 4014 1262 4081 solvere
1282 4022 1455 4099 nequeunt

367 4112 402 4177 in
425 4114 598 4198 praesenti,
622 4114 673 4179 sic
694 4114 866 4198 principes
886 4112 1071 4179 saeculares
1093 4114 1170 4179 utili
1196 4114 1359 4180 dilatione
1383 4132 1457 4198 pro·

368 4214 519 4292 videant,
540 4213 631 4299 quod
652 4219 732 4298 post
755 4214 822 4279 iter
841 4220 1028 4297 arreptum,
1044 4233 1224 4299 usquequo
1240 4213 1283 4279 de
1306 4215 1457 4297 ipsorum

368 4313 466 4379 obitu
489 4313 544 4379 vel
570 4312 682 4378 reditu
705 4311 893 4378 certissime
916 4322 1155 4394 cognoscatur,
1185 4333 1366 4379 usurarum
1390 4333 1458 4379 non

366 4413 542 4478 incurrant
555 4412 791 4494 incommoda3
816 4410 1001 4496 compulsis
1018 4411 1042 4478 J
1045 4412 1152 4479 udaeis
1174 4421 1362 4497 proventus
1383 4414 1456 4496 pig·

367 4531 503 4592 norum,
532 4531 619 4598 quos
646 4511 782 4579 interim
812 4519 1049 4597 perceperunt,
1081 4513 1119 4579 in
1142 4521 1269 4579 sortem
1296 4513 1455 4598 expensis
