3334 5734
565 776 762 827 naorronns
787 776 918 826 viare.
1192 750 1194 755 ’
1239 761 1284 826 θ7

243 975 423 1025 maurum
442 957 666 1025 varietatibus
685 956 912 1025 exercitatum
926 957 1019 1024 misit
1042 957 1086 1023 ad
1100 958 1282 1023 concilium

243 1056 286 1121 de
299 1057 458 1140 captione
474 1056 641 1122 dictorum
659 1057 907 1140 episcoporum,
921 1076 1025 1140 super
1039 1076 1108 1141 qua
1131 1065 1206 1123 erat
1221 1058 1281 1125 im-

242 1157 386 1239 peritus,
411 1176 448 1221 se
473 1157 523 1221 sic
548 1156 590 1221 de
613 1156 692 1240 jure
724 1157 837 1221 facere
870 1176 971 1240 posse
1000 1156 1217 1239 allegantem,
1246 1166 1283 1223 et

242 1255 372 1320 sactum
389 1256 479 1339 regis
498 1255 753 1337 defendentem
779 1262 815 1322 et
833 1255 915 1321 licet
936 1255 1036 1320 aliter
1055 1257 1166 1320 visum
1191 1265 1282 1322 esset

242 1354 387 1420 concilio
409 1374 514 1439 snper
536 1355 684 1439 querelis
707 1356 744 1423 in
766 1356 946 1441 episcopos
970 1356 1085 1433 motis,
1110 1364 1145 1425 et
1168 1357 1281 1425 verbis

242 1454 323 1518 hine
342 1453 422 1518 inde
442 1455 638 1538 propositis,
662 1453 820 1519 kalendis
837 1455 1045 1540 Septembris
1061 1455 1212 1523 solutum
1229 1464 1282 1521 est

241 1552 434 1617 concilium.

204 1676 261 1713 Μ.
289 1675 341 1715 ΠΙ.

193 1735 266 1815 227,
283 1738 334 1814 16,
350 1737 503 1804 oseam
589 1740 802 1824 proscripsit.

194 1862 267 1938 229,
287 1863 341 1940 25,
354 1862 516 1949 noncopa-
588 1864 681 1930 addit
699 1864 824 1942 Paria,
841 1864 990 1948 Eclipsis
1011 1864 1093 1930 solis
1114 1865 1207 1930 sacta
1227 1874 1280 1930 est

353 1968 409 2025 ior
611 1983 673 2048 per
706 1971 815 2047 totam
849 1963 1011 2048 Angliam
1044 1964 1215 2030 horribilis
1247 1972 1282 2029 et

611 2065 802 2130 tenebrose.

194 2183 267 2258 230,
284 2183 336 2260 29,
351 2184 491 2249 manarit
589 2187 682 2255 addit
697 2187 823 2266 Paris„
842 2187 970 2252 Eodem
991 2206 1082 2252 anno
1102 2185 1280 2253 Galfridus

611 2288 654 2353 de
668 2286 882 2352 Manderilla
896 2287 1045 2352 firmavit
1055 2287 1175 2352 turrim
1190 2286 1279 2352 Lon·

609 2387 818 2452 doniensem.
861 2386 981 2452 idibus
998 2385 1086 2451 Maii
1098 2385 1280 2452 Albericns

610 2486 653 2551 da
675 2486 759 2565 Ver,
793 2485 1055 2563 londoniensis,
1091 2485 1279 2563 occiditur3

609 2583 809 2653 Aldewinns
839 2585 1000 2653 fundator
1029 2584 1095 2649 init
1127 2583 1280 2649 Malver·

609 2685 812 2751 niae-The
827 2684 964 2752 Cotton.
987 2684 1054 2750 and
1075 2683 1280 2766 Cambridge

609 2783 712 2851 MSS.
734 2783 814 2865 add,
838 2785 1046 2851 ‘Destructa
1076 2791 1128 2848 est
1157 2783 1279 2848 civitas

609 2883 652 2949 de
691 2884 873 2950 Wintonia
917 2884 1015 2948 xviii.
1049 2881 1121 2947 kal.
1153 2881 1278 2946 Octob.

608 2982 656 3048 Et
675 2990 797 3066 captus
822 2990 876 3048 est
891 2982 937 3048 R.
952 3001 1066 3047 comes
1082 2979 1278 3047 Gloverniae

608 3081 664 3147 dia
688 3082 909 3147 exaltationis
933 3081 970 3146 S.
988 3080 1121 3157 Crucis,
1141 3100 1204 3164 pro
1220 3099 1277 3144 cu-

603 3180 664 3266 jus
674 3181 875 3248 liberatione
884 3181 1079 3264 Stephanus
1091 3199 1153 3244 rex
1162 3178 1277 3244 dimit·

606 3281 715 3347 titur!

192 3402 267 3479 231,
303 3403 335 3479 8,
350 3403 431 3487 qaod
585 3404 657 3471 md,

190 3558 241 3570 -
285 3525 337 3602 24,
354 3525 516 3615 wiotan
585 3529 677 3595 addit
700 3528 823 3605 Paria,
846 3529 905 3611 qni
922 3527 987 3591 sibi
1010 3545 1179 3592 carcerem
1197 3525 1277 3589 iecit

607 3628 790 3714 specialem
805 3634 842 3692 et
857 3626 994 3692 vocavit
1011 3625 1131 3691 Cloere
1145 3624 1259 3690 Brien.

192 3748 267 3822 233,
305 3750 336 3825 8,
354 3750 470 3817 invasit
483 3755 539 3823 ol·
588 3753 662 3818 The
692 3751 807 3837 Royal
830 3750 907 3816 MS.
929 3749 993 3815 has
1020 3749 1079 3814 the
1103 3748 1278 3828 following

358 3851 475 3920 ὄαίίαηι
609 3853 837 3918 curionsnote
854 3845 1279 3932 onthispeosage,‘Nota

609 3952 665 4017 hic
682 3950 830 4035 qualiter
850 3949 1027 4013 invasores
1045 3953 1081 4011 et
1094 3944 1279 4010 violatores

610 4051 763 4116 ecclesia
779 4047 1024 4124 Ramesiensis,
1044 4044 1175 4110 seilicet
1191 4041 1281 4107 Wil-

609 4151 731 4215 lelmus
753 4149 796 4213 de
813 4145 1026 4212 Manderilla
1045 4143 1172 4227 atejus
1189 4159 1280 4205 com·

610 4250 729 4333 plicas,
740 4246 936 4312 recedentes
946 4244 1191 4327 puniebantnr;
1210 4239 1279 4304 iac-

610 4350 639 4414 ti
661 4354 814 4412 amentes
841 4346 932 4410 enim
956 4342 1152 4408 canticabat
1172 4357 1280 4403 nnus·

610 4447 755 4531 quinque
778 4444 937 4527 Angiice,
958 4442 1000 4506 ‘I
1025 4461 1067 4505 ne
1088 4439 1157 4504 mei
1178 4437 1281 4512 alive,

611 4546 664 4611 sor
680 4545 804 4610 Bcnoit
818 4563 861 4609 ne
875 4543 929 4607 ior
944 4537 1028 4607 Iva'
1069 4539 1127 4605 Ita
1144 4544 1281 4619 torque-

1104 4654 1143 4698 ra
