3334 5734
372 780 438 848 278
734 797 933 848 nno-rrum
956 797 1085 848 vnum.

419 980 480 1066 jus
499 979 594 1046 obitu
612 999 689 1046 eum
711 981 926 1047 nuntiaretur
948 980 1107 1046 Huberto
1128 980 1171 1047 de
1193 979 1313 1063 Burgo
1333 999 1459 1058 rumor,

424 1087 459 1146 et
471 1080 640 1146 dioeretur
657 1081 750 1166 quod
771 1101 861 1146 uuus
877 1080 921 1147 de
937 1081 1098 1146 maximis
1112 1079 1267 1147 hostibus
1282 1080 1358 1146 suis
1372 1099 1460 1145 mor·

424 1188 505 1245 tuus
523 1187 626 1257 esset,
651 1180 709 1247 ille
727 1188 905 1265 assumpto
933 1180 1063 1266 gemitu
1088 1182 1151 1261 uit,
1171 1180 1408 1265 ‘Propitietur
1428 1179 1460 1244 ei

425 1279 605 1347 Dominus.
655 1279 723 1347 Ille
735 1281 838 1347 homo
853 1300 950 1346 meus
969 1280 1036 1346 fuit
1052 1280 1096 1347 de
1116 1281 1272 1347 munibus
1292 1281 1375 1359 suis,
1398 1299 1463 1344 neo

424 1387 540 1445 tumen
567 1399 718 1464 unquam
739 1380 823 1446 milri
844 1380 984 1464 profuit,
1005 1380 1065 1446 ubi
1085 1382 1205 1447 obesse
1226 1381 1363 1465 potuit'
1414 1381 1463 1447 Et

424 1480 596 1564 occipiens
621 1480 821 1564 psalterium
840 1481 936 1545 stetit
959 1486 1040 1546 ente
1062 1480 1183 1559 altare,
1201 1481 1332 1547 scilieet
1346 1480 1383 1546 in
1404 1500 1464 1547 ou·

424 1580 528 1665 pelle,
544 1581 704 1646 obsessus
718 1581 777 1647 ubi
793 1587 877 1646 tunc
891 1586 978 1659 eret,
994 1587 1031 1647 et
1043 1581 1209 1665 incipiens
1223 1581 1349 1648 stende
1367 1599 1463 1647 oom-

425 1679 533 1765 plerlt
560 1700 670 1765 usque
700 1681 737 1746 in
768 1680 868 1746 finem
896 1679 1021 1747 devote
1050 1700 1112 1765 pro
1143 1682 1258 1746 anima
1284 1680 1464 1765 Runulplri

424 1779 610 1864 sepedicti.
675 1780 849 1847 Suoeessit
871 1780 981 1846 eidem
1017 1780 1204 1865 Reuulpho
1229 1781 1266 1846 in
1296 1781 1464 1846 eomitutu

426 1879 569 1945 Cestrite
598 1878 777 1946 iohannes
805 1899 913 1963 nepos
942 1879 1019 1965 ejus
1047 1900 1093 1946 ex
1116 1899 1234 1947 sorore
1259 1899 1336 1957 sue,
1359 1900 1463 1964 quem

425 1979 545 2064 genuit
563 1999 677 2046 comos
700 1979 816 2045 David
838 1980 945 2046 freter
960 1978 1125 2045 willelmi
1146 1978 1239 2064 regis
1260 1979 1463 2061 Sootornm3

426 2079 514 2145 ulius
528 2086 644 2146 sutem
665 2098 772 2163 nepos
787 2080 863 2165 ejus
881 2099 928 2145 ex
949 2099 1066 2146 sorore
1088 2099 1152 2146 suu
1169 2080 1358 2146 Linoolniae
1375 2080 1462 2146 obti-

425 2179 500 2245 nuit
517 2179 730 2257 comitutum,
750 2179 844 2245 etde
867 2180 994 2245 berone
1014 2198 1128 2245 oomes
1146 2179 1288 2245 effeetus
1309 2186 1384 2262 est;
1407 2200 1464 2245 eo

425 2298 497 2343 mes
524 2298 662 2363 quoqne
689 2277 883 2355 Hurundel,
908 2279 997 2344 elius
1021 2299 1128 2363 nepos
1149 2280 1235 2365 ejus,
1257 2279 1464 2364 quingentas

423 2377 566 2444 libratus
582 2385 683 2443 terroe
699 2378 860 2462 suscepit

382 2516 439 2555 ΡΜ.
461 2517 513 2556 ult.

374 2581 449 2660 253,
467 2576 521 2658 27,
538 2598 614 2666 supe
633 2578 712 2645 dieti
769 2580 943 2648 ducentes.

535 2779 662 2845 niumm

376 2938 428 2952 -
470 2904 524 2981 29,
538 2901 703 2989 deputatur
772 2898 1006 2983 deputaretur,
1033 2901 1070 2965 in
1097 2902 1183 2967 turri
1214 2901 1345 2968 scilieet
1375 2901 1465 2969 Ion·

542 3001 675 3068 intorsi
792 2999 958 3065 deniensi.

378 3169 429 3182 ..
472 3129 525 3205 33,
540 3126 696 3193 Horti-iesu
774 3121 904 3188 Eodem
942 3131 1095 3208 tempore
1127 3125 1221 3192 misit
1255 3125 1368 3192 dietus
1403 3148 1466 3194 rex

796 3223 914 3287 literas
931 3223 993 3302 eis,
1012 3243 1099 3308 quos
1113 3223 1254 3291 idoneos
1269 3226 1470 3294 decreverat

796 3322 996 3388 collectores
1013 3323 1283 3408 quadragesimae
1303 3328 1370 3392 sibi
1387 3348 1471 3393 oon·

797 3439 915 3501 cesse,
930 3423 994 3487 sub
1009 3422 1073 3489 hec
1087 3423 1218 3507 sorma3
1240 3426 1454 3494 ‘Hemious

380 3544 456 3619 254,
475 3542 526 3623 16,
534 3539 717 3628 prehendo·
774 3546 1059 3629 praebendalibus.

543 3642 585 3707 tis

378 3764 453 3843 sse,
492 3763 566 3844 oe
776 3767 972 3853 smmpto.

382 3887 698 3977 257,12‚Praeooptt
776 3895 894 3962 ronst.

382 4055 433 4069 -
476 4015 531 4093 21,
544 4020 609 4079 octo
625 4012 729 4080 millio
776 4034 863 4081 vose
891 4034 996 4083 aurea
1018 4026 1054 4084 et
1076 4025 1241 4102 urgentes
1262 4019 1472 4103 impretiabi-

545 4114 728 4181 ...σωκῶ
798 4115 860 4195 lia,
876 4125 912 4183 et
929 4117 1097 4197 denarios,
1121 4125 1157 4183 et
1173 4138 1326 4203 gemmus
1344 4121 1468 4187 multus

540 4210 614 4278 lunt
798 4216 980 4299 pretiosos,
993 4237 1071 4302 quae
1084 4217 1115 4283 si
1126 4228 1397 4300 numerarentur,
1409 4221 1468 4286 ed·

798 4316 1013 4382 mirationem
1038 4318 1253 4384 audientibus
1271 4320 1322 4384 rei
1343 4322 1468 4387 veritus
1524 4386 1528 4390 ,

796 4425 986 4498 generaret.

382 4568 433 4585 -
475 4537 528 4614 30,
542 4557 596 4602 roo
777 4559 840 4604 rex
857 4540 1108 4625 aliquantulum
1125 4543 1167 4607 ud
1185 4563 1223 4608 se
1239 4562 1403 4610 rererms.
