3334 5734
584 797 783 847 anemonas
806 798 939 847 vnarn.
1241 784 1305 852 187

211 988 367 1048 noemam
380 978 634 1046 conoemionem
657 986 693 1044 et
709 980 990 1047 constitutionem
1004 981 1041 1046 in
1055 982 1172 1067 aliquo
1186 985 1304 1049 veniat

211 1082 270 1148 vel
290 1080 406 1147 venire
430 1087 627 1164 prasumat.
679 1079 716 1144 Si
743 1080 820 1164 quis
845 1100 928 1146 vero
953 1089 1074 1147 contra
1100 1083 1165 1148 boc
1187 1084 1303 1167 aliquo

213 1189 368 1265 tempore
389 1181 519 1259 veniat,
540 1179 813 1245 maledictionem
828 1180 897 1246 Dei
914 1182 1158 1265 omnipotentis
1174 1191 1209 1248 et
1223 1203 1303 1248 nos·

211 1289 301 1347 tram
335 1281 501 1346 incurrat.
557 1278 628 1344 His
657 1280 814 1356 testibus,
837 1278 955 1359 Petro,
972 1280 1205 1348 wintoniensi
1229 1283 1302 1367 epi·

211 1400 332 1465 scopo,
345 1379 404 1446 W.
420 1378 651 1444 Marescballo
665 1379 790 1443 comite
803 1377 972 1457 Penbroo‚
989 1380 1164 1448 Willelmo
1179 1383 1304 1447 comite

213 1480 443 1557 Warrenniar,
467 1478 514 1544 R.
533 1477 658 1545 comite
681 1476 838 1557 Cestriae,
864 1479 901 1545 S.
920 1481 1044 1545 comite
1059 1480 1303 1561 wintoniensi,

214 1579 259 1644 G.
291 1580 336 1647 de
369 1578 584 1644 blandevilla
609 1578 734 1642 comite
758 1577 958 1645 Glorerniar
989 1588 1026 1646 et
1056 1574 1223 1659 Essexiae,
1244 1581 1302 1648 W.

213 1682 339 1746 comite
354 1679 398 1744 de
414 1678 594 1757 Ferrariis,
610 1676 656 1742 G.
671 1677 855 1757 Briewere,
864 1678 923 1744 W.
940 1678 1011 1744 filio
1026 1678 1180 1760 Geraldi,
1191 1681 1248 1748 W.
1261 1682 1304 1747 de

214 1779 423 1862 cmtelupo,
458 1777 508 1843 Η.
538 1778 583 1843 de
614 1776 764 1856 Nerilla,
794 1779 969 1844 Robcrtus
997 1778 1040 1843 de
1062 1779 1159 1859 Wer,
1180 1780 1237 1847 W.
1260 1781 1304 1846 de

214 1876 479 1962 Huntingefeld.
530 1877 661 1942 Datum
685 1896 747 1961 per
763 1896 902 1942 manum
918 1879 1074 1961 magistri
1092 1879 1236 1946 Roberti
1260 1881 1304 1946 de

214 1979 368 2044 llarisoo
383 1976 580 2043 cancellarii
605 1977 726 2055 nostri,
753 1976 886 2043 decimo
907 1978 1029 2061 quinto
1050 1978 1105 2045 die
1129 1978 1304 2059 Januarii,

214 2078 309 2162 apud
326 2077 467 2143 Novum
488 2075 671 2160 Templum
692 2075 853 2156 londini,
876 2096 967 2143 anno
988 2080 1085 2160 regni
1113 2080 1222 2144 nostri
1248 2078 1304 2144 de

212 2180 304 2244 cimo
333 2176 458 2242 sexto?
515 2175 614 2241 Nulli
644 2194 727 2258 ergo
758 2178 897 2242 omnino
923 2177 1051 2244 bomini
1082 2177 1186 2245 liceat
1216 2178 1305 2244 bano

213 2278 377 2363 paginam
407 2282 535 2342 nostrie
567 2273 834 2341 confirmationis
855 2276 1050 2359 infringere,
1076 2278 1132 2343 vel
1155 2279 1187 2343 ei
1217 2297 1304 2343 ausu

214 2377 398 2443 temerario
414 2375 595 2441 contraire.
646 2373 775 2458 Siquis
797 2383 913 2442 autem
936 2375 1001 2442 boc
1023 2385 1194 2443 attentare
1214 2398 1304 2463 prae·

212 2476 410 2561 sumpserit,
425 2473 693 2558 indignationem
707 2474 952 2559 omnipotentis
968 2477 1048 2555 Dei,
1069 2485 1105 2542 et
1126 2478 1304 2544 beatorum

215 2576 314 2641 Petri
326 2584 363 2641 et
377 2574 479 2641 Pauli
502 2573 735 2658 apostolorum
760 2574 847 2659 ejus,
862 2595 900 2641 se
918 2577 1053 2643 noverit
1075 2578 1302 2642 incursurum.

215 2677 348 2741 Datum
380 2674 557 2752 Laterani,
583 2673 686 2739 tertio
714 2673 876 2740 calendar
908 2675 1051 2760 Aprilis,
1083 2678 1304 2760 pontificatus

212 2777 324 2843 nostri
339 2794 432 2841 anno
445 2774 577 2839 decimo
590 2773 736 2839 octavo!

265 2876 335 2940 His
357 2874 505 2959 peractis
527 2881 563 2938 et
585 2892 629 2938 ex
652 2882 798 2956 utraque
815 2880 913 2958 parte
930 2876 1140 2957 approbatis,
1167 2877 1305 2943 exulta·

213 2983 341 3042 rerunt
364 2992 495 3051 omnes,
516 2973 693 3038 medentes
715 2972 828 3037 Deum
854 2974 1117 3040 misericorditer
1132 2996 1192 3043 cor
1212 2978 1304 3060 regis

212 3076 383 3165 tetigisse,
408 3093 469 3139 cor
487 3073 531 3138 ab
555 3091 597 3137 eo
623 3071 795 3156 lapidem
820 3072 1004 3138 abstulisse
1016 3080 1052 3138 et
1067 3093 1128 3140 cor
1141 3095 1300 3143 carneum

212 3175 399 3253 addidisse,
425 3180 461 3238 et
489 3173 590 3238 utin
617 3191 659 3235 ec
690 3170 787 3236 lieret
814 3171 946 3256 optima
977 3173 1130 3240 dextera
1164 3175 1304 3242 Excelsi

213 3275 448 3359 permutatim
477 3278 770 3355 operueruntque
791 3290 910 3338 omnes
928 3280 964 3337 et
982 3273 1122 3356 singuli,
1138 3273 1304 3358 Angliam

211 3375 315 3459 quasi
341 3372 551 3458 AEgyptiaco
575 3371 675 3456 jugo,
705 3390 774 3454 quo
800 3371 859 3435 diu
888 3380 970 3438 ante
990 3376 1219 3455 premebatur,
1244 3395 1305 3460 per

214 3475 283 3540 Dei
297 3475 443 3557 gratiam
457 3473 530 3538 suis
544 3470 754 3553 temporibus
767 3470 959 3550 liberatam,
972 3479 1045 3541 tum
1062 3492 1124 3558 per
1137 3474 1304 3542 Romanae

214 3575 369 3641 ecclesiae
400 3572 657 3656 protectionem,
688 3570 788 3655 cujus
815 3570 882 3635 alis
910 3591 948 3636 se
976 3573 1160 3641 credebant
1186 3577 1306 3643 obum-

215 3675 320 3752 brari,
335 3681 372 3739 et
385 3672 436 3737 sic
452 3672 550 3737 velut
565 3670 629 3735 sub
643 3670 765 3753 clypeo
781 3670 909 3737 divinae
929 3672 1073 3752 milities,
1096 3674 1152 3739 cui
1175 3677 1304 3742 servire

213 3792 359 3857 regnare
376 3779 442 3850 est,
461 3790 547 3855 pace
564 3778 601 3835 et
613 3769 772 3835 libertate
792 3770 1040 3854 ponderatum
1056 3782 1197 3858 propter
1213 3776 1304 3857 regis

214 3873 486 3938 humiliationem
512 3868 752 3947 desiderem,
779 3889 884 3952 qnam
916 3872 1051 3955 [quem]
1081 3882 1305 3955 speraverant

214 3973 308 4039 omni
326 3970 580 4037 mansuetudini
602 3976 637 4034 et
653 3969 732 4052 paci
752 3967 912 4034 foeliciter
932 3971 1129 4037 inclinatam
1145 3973 1302 4056 [inclina-

215 4072 318 4154 tumJ.
362 4071 430 4136 Sed
445 4071 547 4153 longe
561 4068 675 4147 aliter,
691 4068 778 4152 proh
790 4068 903 4151 pudor
918 4076 954 4134 et
965 4070 1051 4154 prob
1067 4070 1184 4138 dolori
1207 4079 1243 4137 et
1255 4074 1306 4137 ni-

214 4172 281 4237 mis
292 4170 503 4238 dissimiliter
519 4187 622 4254 qnam
636 4175 812 4252 speratum
827 4167 906 4247 suit,
916 4169 1042 4235 evenit.
1093 4169 1306 4238 credebatur

214 4272 353 4338 fortuna
378 4270 561 4336 arridendo
583 4276 703 4334 nectar
720 4267 935 4353 propinasse,
956 4289 1032 4335 cum
1054 4269 1165 4336 fellita
1181 4274 1305 4355 pooola

214 4380 252 4437 et
268 4389 404 4438 venena
430 4368 650 4454 praepararit.
702 4367 792 4434 Ecce
814 4370 902 4434 enim
929 4368 991 4434 dlii
1019 4370 1143 4449 Bellal,
1167 4371 1306 4439 diabolo

213 4477 429 4556 procurante,
463 4469 523 4554 qui
554 4468 769 4536 successibus
798 4468 973 4534 bominum
1001 4490 1046 4535 ex
1078 4471 1221 4555 antiqua
1241 4493 1305 4539 sua

213 4570 458 4638 consuetudine
480 4568 656 4653 [invidet],
674 4567 832 4633 videlicet
850 4571 993 4653 ruptarii
1016 4571 1225 4655 nequissimi,
1245 4575 1305 4657 qui
