3334 5734
574 802 773 852 unouronss
799 803 931 853 unuin.
1232 786 1297 852 201

254 985 349 1051 Proh
363 986 474 1071 pudor
488 986 496 1051 l
526 985 667 1051 marcidi
685 985 820 1064 ribaldi,
837 985 898 1070 qui
917 985 960 1051 de
979 982 1083 1049 armis
1100 983 1155 1049 vel
1170 983 1295 1050 libera·

253 1086 351 1150 litate
368 1085 505 1150 minime
521 1091 668 1165 norunt3
689 1085 764 1170 jam
781 1086 847 1152 toti
863 1085 989 1150 mundo
1005 1090 1144 1168 propter
1160 1103 1297 1150 excom·

254 1186 501 1250 manicationes
519 1203 601 1249 suas
616 1184 737 1249 volunt
757 1185 936 1263 dominari,
956 1183 1124 1267 ignobiles
1146 1185 1294 1249 usurarii

253 1293 289 1350 et
309 1284 514 1349 simoniales.
565 1283 596 1348 Ο
618 1292 785 1366 quantum
803 1283 986 1348 dissimiles
1003 1281 1121 1361 Petro,
1146 1284 1205 1368 qui
1229 1284 1294 1348 sibi

254 1383 350 1449 Petri
366 1390 533 1468 usurpant
549 1390 681 1466 partem
696 1384 718 1449 l'
769 1383 826 1448 Sic
846 1384 954 1466 igitur
970 1381 1244 1466 blasphemantes
1260 1392 1296 1449 et

252 1484 519 1560 recalcitrantes,
535 1495 701 1566 ponentes
718 1502 757 1547 os
773 1483 809 1547 in
825 1482 958 1548 caelum.

209 1624 268 1663 ΡΑΟ.
291 1624 343 1661 ΠΙ.

201 1689 276 1766 358,
315 1690 346 1760 6,
361 1694 429 1751 orot
597 1684 750 1767 patebat.

199 1848 252 1859 —
295 1813 347 1886 11,
364 1810 493 1897 inpressi
599 1808 756 1891 ingressi,
772 1814 808 1872 et
822 1815 945 1891 pontes
959 1808 1071 1891 glacie
1085 1808 1239 1874 faciente.

199 1969 251 1980 —
296 1935 349 2008 15,
365 1930 573 2017 spoliatiooon
597 1929 837 2013 spoliationem
854 1937 889 1996 et
902 1932 1153 2000 irreverentem.

200 2093 252 2104 —
296 2053 546 2133 17,Domioan..
597 2054 765 2120 Dominus
782 2056 885 2121 etiam
902 2055 1110 2141 Stephanus,
1124 2057 1178 2123 vir
1198 2057 1290 2122 iace·

361 2163 516 2220 astructio
618 2162 675 2220 tus
692 2161 729 2219 et
748 2155 890 2240 dapsilis
907 2163 943 2222 et
958 2176 1020 2240 per
1036 2157 1151 2222 omnia
1169 2156 1290 2222 lauda·

616 2254 706 2333 bilis,
731 2256 775 2320 ab
795 2255 940 2322 eeclesia
964 2256 1132 2322 violenter
1152 2264 1289 2322 extrac-

615 2361 684 2439 tus,
704 2355 828 2421 nobilis
849 2355 893 2422 ab
908 2355 1129 2438 ignobilibus,
1150 2357 1228 2440 pius
1244 2358 1288 2422 ab

614 2453 739 2538 impiis.

196 2620 249 2631 -
292 2579 343 2653 19,
361 2575 500 2642 abaco
518 2585 547 2641 ot
591 2575 708 2641 desum

196 2741 249 2754 -
293 2702 345 2776 21,
360 2699 444 2765 dotis
591 2700 683 2783 quod
702 2705 756 2764 est
764 2698 957 2764 miserabile
968 2700 1093 2779 relatu,
1104 2699 1195 2767 datis
1206 2722 1286 2768 cen·

363 2800 486 2877 murcia,
501 2822 523 2865 o
614 2806 686 2863 tum
703 2799 839 2874 marcis,
857 2798 900 2863 ab
917 2798 1101 2881 exquisito.

195 2966 247 2978 -
290 2924 345 3001 26,
359 2924 405 2987 od
418 2921 521 2987 orbem
593 2921 646 2987 vel
664 2921 850 2999 latuerunt,
864 2922 920 2986 vel
935 2921 1140 2987 Londinum.

359 3023 535 3088 Lmdooio·

362 3144 433 3187 rum
444 3167 452 3172 -

193 3286 245 3299 -
290 3247 341 3323 29,
358 3245 467 3311 doio&
590 3240 680 3306 dou.

193 3403 246 3414 -
289 3370 341 3444 30,
356 3366 460 3432 uuilon
482 3416 490 3433 .
509 3418 540 3433 ..
591 3366 720 3448 rapinis
736 3371 924 3443 cesserunt,
940 3373 976 3430 et
990 3364 1285 3450 nobilesetgene-

358 3477 505 3532 morant
612 3483 700 3530 rosae
720 3464 878 3530 mulieres
898 3464 1046 3531 ludibrio
1067 3467 1285 3550 exponeban-

610 3571 668 3628 tur

196 3690 270 3767 359,
310 3693 340 3767 5,
356 3690 542 3776 moal...up-
589 3686 704 3751 desrmt.

590 3906 830 3973 maledicentes
849 3908 940 3991 regis
959 3910 1157 3989 versutiam,
1178 3913 1283 3995 tergi·

491 4015 500 4030 ·
611 4009 835 4084 versationes,
857 4015 893 4072 et
909 4007 1156 4087 infidelitatem,
1179 4019 1214 4075 et
1228 4010 1281 4075 di·

610 4114 727 4171 centes
756 4106 906 4190 suspiria
936 4106 1153 4190 geminando,
1178 4109 1281 4174 ‘Veh

611 4206 672 4271 tibi
697 4205 889 4283 Jobannes,
912 4225 1032 4289 regum
1053 4206 1183 4286 ultime,
1206 4206 1282 4274 An·

609 4305 743 4389 glorum
768 4306 960 4390 principum
978 4305 1199 4386 abominatio,
1218 4327 1281 4374 no-

609 4405 752 4470 bilitatis
765 4404 970 4488 Anglicanae
982 4404 1136 4471 confusio
1147 4407 1155 4472 l
1182 4405 1280 4475 Heu!

608 4503 738 4588 Anglia
749 4504 825 4589 jam
840 4511 978 4570 vastata
992 4504 1187 4590 etamplius
1200 4527 1279 4573 vas·

609 4604 734 4669 tanda!
762 4604 864 4670 Heu!
887 4603 1029 4688 Anglia,
1044 4604 1186 4689 Anglia,
1207 4627 1278 4672 om·
