3334 5734
392 774 457 841 lm
761 787 959 839 inmotus
981 787 1115 837 unuin.

404 916 462 954 Μ.
485 914 539 951 ΙΙΙ.

394 981 469 1055 305,
487 979 540 1053 24,
558 976 677 1041 aveas
790 976 829 1041 Si
860 975 940 1059 quis
963 984 1085 1039 mutuo
1113 976 1287 1057 seuepsrit
1315 972 1443 1057 aliquid
1465 992 1486 1035 s

555 1077 710 1143 leudesi-
814 1075 838 1141 J
841 1075 963 1152 udmis,
978 1075 1059 1158 plus
1074 1074 1130 1138 vel
1154 1075 1282 1151 minus,
1306 1081 1344 1138 et
1367 1073 1486 1137 moris·

557 1198 729 1241 ana...
815 1183 875 1240 tur
901 1182 1087 1257 antequam
1117 1173 1271 1238 debitum
1300 1172 1387 1237 illud
1415 1191 1489 1255 per-

557 1275 744 1341 itia-mees-
815 1272 971 1351 solverit,
1000 1273 1152 1338 debitum
1181 1273 1268 1338 illud
1302 1292 1372 1337 nun
1410 1290 1488 1335 usu·

559 1375 730 1441 uetudine
815 1381 870 1439 ret
883 1372 1049 1457 quamdin
1064 1372 1291 1437 haeresfuerit
1305 1371 1491 1436 inin-umis·

559 1496 632 1541 suss
815 1484 898 1552 tem,
910 1472 954 1536 de
966 1492 1171 1556 quocunque
1185 1480 1301 1552 tenet3
1324 1480 1362 1535 et
1383 1471 1415 1535 si
1435 1471 1491 1534 ‹ie-

816 1574 927 1637 bitum
943 1572 1037 1636 istud
1059 1571 1191 1637 incidet
1209 1573 1247 1635 in
1269 1591 1395 1636 manus
1417 1590 1492 1635 nes·

818 1681 904 1748 tres,
924 1690 990 1736 nes
1005 1691 1076 1736 nun
1096 1673 1272 1755 cupiemus
1294 1671 1364 1735 nisi
1385 1670 1491 1735 estsi-

818 1772 890 1835 lum
916 1779 1116 1836 contentum
1146 1771 1184 1835 in
1210 1770 1344 1836 charte
1398 1769 1490 1834 Etsi

820 1872 899 1954 quis
927 1871 1104 1948 moriatur,
1136 1878 1174 1935 et
1206 1871 1362 1935 debitum
1398 1869 1492 1934 dehet

821 1969 969 2047 Judmis,
999 1989 1092 2034 uxor
1120 1970 1198 2055 ejus
1224 1971 1352 2035 hsbest
1382 1969 1492 2034 dotem

825 2088 936 2146 susm,
957 2076 995 2133 et
1009 2070 1059 2134 nil
1080 2069 1202 2135 reddat
1216 2071 1261 2134 de
1281 2069 1401 2134 debito
1426 2069 1491 2133 illo.

823 2169 871 2233 Et
886 2170 917 2233 si
929 2168 1028 2234 liberi
1043 2170 1153 2253 ipsius
1166 2169 1333 2246 defuncti,
1349 2169 1410 2253 qni
1425 2168 1492 2232 fue·

824 2275 907 2333 runt
944 2268 1035 2333 infra
1070 2276 1222 2346 aetutem,
1258 2270 1493 2345 remanserint,

823 2366 1070 2452 providerentur
1090 2369 1142 2433 eis
1165 2369 1364 2434 necessaris
1379 2387 1495 2433 seeun-

825 2468 908 2532 dum
934 2474 1166 2533 tenementum
1193 2468 1287 2552 qued
1313 2468 1419 2533 inerit
1442 2467 1494 2531 de·

826 2566 949 2643 iuneti,
963 2566 1055 2632 etde
1074 2566 1210 2633 residuo
1231 2568 1392 2633 solvatur
1408 2567 1496 2631 debi-

827 2674 900 2732 tum
914 2684 926 2747 3
948 2666 1047 2731 selvo
1061 2674 1178 2732 tumen
1191 2668 1335 2732 servitio
1350 2667 1499 2732 domino-

828 2786 917 2830 rum.
966 2765 1078 2831 Simili
1097 2766 1199 2831 modo
1217 2767 1279 2832 flat
1302 2767 1346 2832 de
1369 2767 1499 2843 debifis,

829 2884 908 2949 qum
934 2864 1101 2931 debentur
1122 2866 1200 2930 eliis
1224 2887 1329 2950 qnam
1354 2866 1498 2931 Judaeis.

830 2963 977 3028 Nullum
1016 2965 1212 3048 scutagium
1246 2967 1303 3031 vel
1335 2966 1499 3031 auxilium

829 3082 956 3148 ponam
987 3063 1023 3128 in
1055 3084 1161 3147 regno
1189 3072 1320 3143 nostin,
1346 3067 1414 3130 nisi
1441 3084 1500 3148 per

830 3182 1009 3228 commune
1037 3165 1219 3229 eonsilium
1250 3165 1350 3248 regni
1385 3165 1501 3241 nostri,

831 3263 899 3327 nisi
928 3262 971 3326 ed
997 3283 1123 3346 corpus
1153 3272 1309 3329 nostrum
1336 3264 1502 3329 redimen-

831 3362 926 3439 dum,
958 3369 995 3427 et
1025 3362 1068 3427 sd
1103 3365 1369 3447 primogenitum
1399 3364 1503 3428 filium

833 3469 988 3526 nostrum
1010 3461 1153 3527 militem
1178 3462 1386 3540 iaciendum,
1408 3471 1444 3529 et
1458 3462 1503 3526 ud

833 3561 1097 3644 primogenitam
1112 3562 1218 3627 filium
1234 3571 1388 3628 nostrum
1402 3563 1504 3627 semel

834 3661 1059 3725 maritandum
1072 3682 1082 3741 ;
1108 3662 1198 3727 etad
1211 3661 1276 3727 hoc
1290 3683 1358 3728 non
1371 3663 1429 3727 fiet
1441 3663 1506 3725 nisi

835 3760 1039 3825 rationabile
1051 3761 1229 3827 auxilinm.
1280 3762 1391 3827 Simili
1407 3760 1506 3827 modo

837 3858 899 3924 fist
919 3859 962 3924 de
986 3861 1126 3926 auxiliis
1150 3860 1357 3927 decivitate
1381 3861 1505 3926 Londi-

838 3960 956 4039 nensi3
980 3966 1016 4024 et
1031 3959 1155 4025 civitas
1174 3959 1429 4027 Londonisrum
1446 3961 1506 4026 hu·

837 4059 918 4122 beet
938 4078 1056 4123 omnes
1081 4059 1242 4143 antiquus
1271 4061 1448 4127 libertates
1473 4068 1507 4125 et

838 4156 963 4221 liberas
977 4159 1240 4224 consuetudines
1255 4180 1348 4238 suas,
1363 4169 1434 4226 tam
1449 4181 1508 4245 per

839 4263 948 4323 terres
965 4277 1067 4341 quem
1088 4278 1151 4342 per
1165 4278 1287 4342 squas.
1338 4260 1508 4326 Praeteres

839 4357 997 4421 volumus
1021 4365 1057 4422 et
1077 4358 1307 4439 concedimus,
1328 4359 1419 4444 quod
1440 4379 1508 4425 om·

840 4476 899 4520 nes
915 4457 994 4521 alise
1013 4457 1172 4523 civitates
1187 4466 1223 4523 et
1240 4459 1343 4543 burgi
1360 4467 1396 4525 et
1410 4459 1502 4525 villae

839 4563 875 4620 et
887 4556 1032 4621 barones
1050 4556 1094 4622 de
1113 4558 1263 4641 quinque
1284 4561 1460 4643 portubus,
1475 4568 1509 4625 et
