3334 5734
362 791 422 859 xiv
768 804 1052 855 rnrnooncrron.

363 989 520 1056 tabulatu
547 1008 590 1053 ex
616 988 716 1052 ruina
737 987 890 1071 antiquae
913 985 1064 1052 civitatis
1086 985 1237 1051 lateritio
1265 985 1489 1070 reparavit

364 1089 435 1154 Hic
460 1087 673 1154 laufrancus
693 1094 901 1152 memoratus
922 1086 1218 1169 archiepiscopatu
1238 1087 1349 1152 anuis
1378 1092 1490 1151 octo

364 1189 472 1254 decim
499 1187 716 1254 laudabiliter
747 1194 985 1265 conversatus,
1010 1185 1263 1251 successoribus
1292 1188 1383 1251 suis
1420 1204 1490 1250 ex·

365 1288 513 1373 emplum
544 1287 693 1372 praebuit
719 1287 786 1370 piae
815 1285 1095 1352 conversationis.
1147 1286 1277 1352 Eodem
1299 1294 1491 1371 tempore

367 1387 525 1471 Edgarus
551 1386 725 1469 Etheliug,
757 1387 849 1470 new
872 1385 1038 1451 Willelmi
1072 1381 1244 1465 deditius,¹
1282 1388 1393 1453 iacto
1435 1385 1488 1449 ad

368 1488 490 1554 Scotos
521 1487 728 1569 transfugio,
756 1505 856 1551 snum
881 1484 1124 1570 jusjurandum
1152 1487 1376 1566 maculavit3
1416 1485 1487 1550 sed

368 1588 504 1654 taudem
519 1588 690 1673 poenitens
710 1586 863 1671 ejusdem
877 1587 969 1669 regis
983 1586 1248 1652 misericordiam
1263 1587 1390 1653 voluit
1410 1606 1486 1651 ex·

367 1688 482 1773 periri,
506 1696 541 1753 et
556 1688 600 1754 ad
620 1689 734 1772 ipsum
755 1686 792 1751 iu
813 1685 1063 1751 Normanniam
1079 1687 1270 1770 navigavit.
1322 1687 1363 1753 A
1386 1706 1486 1769 rege

368 1794 483 1853 antem
506 1789 592 1853 satis
613 1785 797 1853 honorilice
819 1792 999 1869 susceptus
1020 1794 1056 1851 et
1071 1787 1245 1853 donativis
1266 1787 1483 1853 honoratus

366 1887 489 1958 libram
506 1888 640 1971 argenti
656 1906 720 1972 pro
732 1885 902 1970 stipendio
919 1887 1071 1971 suscepit
1084 1887 1296 1971 quotidiano.

542 2051 644 2117 Malu
657 2048 769 2116 belilee
783 2048 908 2136 Aopliae
922 2049 989 2115 boo
1002 2050 1120 2116 maeno
1129 2052 1295 2137 paeonem.

419 2185 523 2252 Auno
540 2182 681 2250 Domini
697 2198 832 2248 uuxxr.
851 2180 1053 2248 Mercherus
1067 2189 1103 2249 et
1115 2183 1300 2268 Sywardus
1315 2189 1476 2253 comites

371 2304 449 2352 oum
466 2284 656 2367 Egelwiuo,
678 2282 903 2347 Dunelmeusi
924 2283 1096 2367 episcopo,
1118 2293 1155 2352 et
1170 2285 1287 2351 multis
1308 2288 1477 2352 millibus

371 2385 573 2452 clericorum
594 2391 630 2450 et
651 2383 829 2460 laicorum,
854 2381 990 2447 deserta
1010 2384 1161 2466 regionis
1186 2386 1264 2452 loca
1286 2396 1322 2454 et
1342 2409 1476 2455 nemo-

372 2503 453 2550 rosa
473 2484 658 2569 petierunt,
685 2482 777 2565 regis
802 2476 1072 2565 indignationem
1097 2493 1133 2551 et
1154 2489 1349 2571 superbiam
1373 2491 1474 2556 ferre

375 2605 446 2649 non
475 2584 632 2649 valentes
661 2601 724 2646 uec
747 2580 928 2662 volentes3
969 2583 1059 2648 unde
1082 2604 1166 2651 usus
1192 2587 1336 2654 inolevit
1360 2599 1401 2657 nt
1430 2592 1472 2655 iu

372 2683 531 2749 domibus
548 2680 887 2766 comprovincialium
906 2702 1002 2765 gesa,
1023 2682 1151 2764 clares,
1173 2706 1322 2766 secures,
1348 2691 1472 2774 parie-

374 2783 466 2849 tibus
488 2791 525 2848 et
545 2781 701 2867 postibus
722 2780 1009 2864 appenderentur,
1030 2791 1070 2849 nt
1085 2785 1136 2849 sic
1151 2804 1174 2850 a
1189 2789 1345 2871 profugis
1363 2790 1470 2875 quasi

377 2902 399 2948 a
427 2882 646 2967 praedonibus
674 2881 885 2945 excubantes
904 2881 1176 2950 defenderentur.
1238 2887 1332 2967 Quin
1356 2890 1470 2955 immo

377 2983 605 3062 Lauirauous,
625 2982 717 3065 regis
741 2981 972 3065 compatriota
997 2989 1033 3046 et
1055 2985 1214 3067 specialis
1235 2989 1470 3068 consiliarius,

373 3084 447 3169 jam
463 3085 571 3168 coepit
585 3083 748 3167 praelatos
761 3080 900 3164 Angliae
916 3081 998 3147 licet
1013 3091 1152 3151 sanctos
1164 3093 1199 3151 et
1212 3087 1289 3153 Deo
1301 3100 1468 3174 acceptos

376 3204 440 3268 pro
458 3183 676 3267 simplicitate
692 3189 909 3247 contemnere
926 3189 962 3247 et
974 3181 1101 3249 idiotas
1116 3204 1252 3265 vocare,
1271 3195 1308 3252 et
1326 3188 1469 3273 aliquos

378 3281 421 3346 de
437 3280 627 3345 literaturae
648 3281 845 3361 ignorantia
865 3300 1036 3347 accusare.
1075 3283 1351 3353 Confirmabatur
1366 3308 1468 3354 nam-

378 3399 446 3465 que
471 3397 580 3462 nuper
603 3378 640 3442 in
661 3376 899 3442 excellentiam
921 3377 1178 3449 cantuariensis
1205 3386 1470 3472 archipraesula-

379 3487 449 3557 tus,
464 3486 501 3544 et
515 3478 597 3543 licet
612 3484 768 3543 sanctum
782 3495 848 3541 sua
862 3483 979 3542 tamen
995 3479 1129 3547 inflavit
1144 3485 1287 3551 scientia
1302 3497 1338 3554 et
1353 3491 1468 3554 erexit

380 3578 531 3662 dignitas
547 3574 723 3643 secularis.
774 3575 930 3659 Cumque
945 3581 1123 3646 memorati
1142 3584 1272 3664 exules,
1294 3587 1468 3673 adjunctis

381 3679 447 3744 sibi
468 3675 728 3762 quamplurimis
750 3675 913 3759 iujuriam
939 3679 1063 3760 passis,
1086 3681 1122 3746 in
1144 3678 1388 3769 compatriotas
1410 3688 1467 3754 de.

382 3778 574 3856 comment,
604 3783 641 3842 et
671 3774 800 3840 damna
836 3775 1107 3844 irrestaurabilia
1139 3781 1348 3852 Normauuis
1379 3789 1467 3852 irro-

380 3885 531 3962 gassent,
557 3876 602 3941 ad
624 3874 796 3940 Elieusem
816 3873 964 3940 insulam
988 3879 1125 3945 taudem
1149 3883 1326 3951 venientes
1354 3887 1467 3953 locum

380 3966 567 4044 mansionis
598 3983 635 4041 et
663 3974 787 4057 refugii
817 3974 890 4039 illic
919 3975 985 4040 sibi
1016 3978 1212 4064 elegerunt;
1251 3987 1311 4068 qui
1340 3989 1467 4071 saepius

380 4079 476 4145 illinc
495 4075 666 4143 hostiliter
694 4080 874 4153 exeuntes,
894 4074 981 4140 duce
997 4076 1211 4147 Herewardo
1232 4084 1308 4149 viro
1329 4088 1466 4153 nobilis·

381 4180 468 4245 simo
493 4186 529 4244 et
544 4177 582 4242 iu
603 4175 708 4241 armis
729 4175 976 4255 strenuissimo,
994 4186 1104 4244 totum
1118 4181 1210 4264 regis
1231 4202 1376 4268 regnum
1398 4208 1466 4252 nou

382 4278 599 4345 mediocriter
618 4274 827 4358 affligebant.
867 4273 1028 4341 Castrum
1045 4294 1182 4364 quoque
1194 4282 1358 4366 ligneum,
1375 4287 1466 4371 quod

382 4398 490 4462 usque
523 4376 625 4444 hodie
657 4373 837 4441 castellum
867 4373 1071 4443 Herewardi
1098 4391 1327 4466 nuncupatur,
1352 4386 1468 4452 insui
1604 4358 1606 4362 v

752 4595 762 4632 ¹
778 4599 811 4649 Is
820 4614 899 4663 m.
911 4600 952 4652 rel
961 4601 1103 4665 adoptivus.
