3334 5734
574 834 774 886 inerrasse
795 838 924 888 vanis.
1224 822 1289 889 199

253 1014 457 1092 lustrabant,
484 1034 602 1080 omnes
627 1015 833 1099 spoliabant,
863 1016 914 1081 ita
942 1016 1077 1101 quidem
1105 1017 1197 1101 quod
1226 1037 1289 1082 neo

253 1113 409 1178 muliebri
427 1116 525 1179 serni
545 1134 608 1179 nec
629 1115 850 1197 parvulorum
865 1116 920 1181 rel
940 1116 1188 1200 decrepitorum
1209 1136 1289 1201 par·

254 1221 370 1278 cerent
385 1215 491 1279 aetati.
529 1215 575 1281 Et
587 1210 678 1298 quod
693 1234 892 1281 consumere
907 1236 975 1280 non
990 1217 1160 1293 valebant,
1175 1217 1289 1281 incen-

254 1311 311 1377 dic
327 1314 520 1390 tradebant,
536 1313 590 1378 vel
608 1313 842 1398 dispergentes
860 1315 980 1381 inutile
999 1316 1155 1380 humanis
1171 1316 1289 1381 usibus

255 1412 451 1478 reddebant.
503 1413 549 1479 Et
576 1433 664 1496 quos
689 1414 784 1478 nulla
815 1423 898 1480 nota
924 1416 1111 1499 premebat,
1134 1416 1289 1480 inimicos

255 1512 347 1594 regis
371 1521 546 1590 vocantes,
574 1514 766 1597 ubicunque
789 1515 1056 1597 reperiebantur,
1073 1514 1199 1600 raptim
1219 1522 1289 1580 tra-

257 1611 426 1677 hebantur
438 1614 474 1676 in
491 1630 660 1676 carcerem
677 1614 862 1695 poenalem,
875 1614 1022 1679 vinculis
1037 1614 1234 1696 mancipati,
1254 1622 1290 1679 et

257 1712 392 1777 tandem
410 1712 453 1776 ad
469 1712 706 1795 gravissimam
723 1714 833 1778 coacti
849 1712 1124 1795 redemptionem.
1174 1712 1291 1778 Sacer-

257 1810 354 1877 dotes
376 1829 511 1896 quoqne
532 1813 616 1895 ipsis
638 1812 804 1877 altaribus
826 1819 991 1891 astantes,
1008 1814 1143 1896 signnm
1160 1819 1290 1878 sanctae

258 1912 368 1977 crucis
384 1912 541 1976 manibus
558 1910 763 1996 bajulantes,
781 1912 837 1977 vel
853 1913 965 1996 ipsum
982 1912 1197 1977 Dominicum
1215 1931 1291 1977 cnr-

256 2031 322 2095 pus
344 2018 546 2090 tractantes,
567 2011 675 2076 sacris
696 2012 908 2076 vestimentis
933 2012 1156 2089 venerabiles,
1177 2013 1291 2076 altari·

257 2112 320 2174 bns
344 2119 499 2176 astantes
528 2112 693 2194 religione
721 2110 904 2188 deserendi,
929 2111 1153 2177 irreverenter
1180 2112 1291 2195 capie-

257 2210 392 2275 bantur.

219 2351 276 2388 PAO·
304 2352 357 2389 us.

208 2417 283 2491 351,
299 2416 353 2489 32,
365 2413 517 2499 yenitclio
600 2413 794 2480 secretiora.

207 2537 480 2616 352,1,e0mim
600 2538 806 2604 charactere.

206 2699 258 2709 -
322 2665 354 2737 3,
368 2661 553 2748 conum..
601 2665 667 2729 sub
682 2663 793 2747 glacie
803 2671 921 2729 assata
934 2682 1077 2747 corpora
1089 2671 1292 2745 mergentes,

372 2760 518 2846 oenpeb
624 2771 663 2828 ut
679 2764 779 2847 quasi
798 2762 1019 2828 infernalibus
1041 2763 1153 2846 poenis
1170 2762 1293 2827 transi-

372 2870 446 2925 rami

624 2869 701 2926 rent
734 2863 776 2927 de
811 2863 925 2928 calore
963 2862 1068 2926 nimio
1105 2861 1149 2925 ad
1183 2862 1292 2944 frigus

625 2962 768 3039 nivium,
805 2964 938 3026 animas
966 2960 1021 3026 vel
1050 2960 1214 3026 exhalare
1238 2960 1292 3026 vel
1337 2988 1339 2992 ³

624 3061 685 3125 vix
703 3061 838 3126 trabere
853 3060 1101 3144 compulerunt.

206 3224 258 3234 —
322 3186 352 3259 5,
367 3179 552 3246 miseremi-
601 3176 840 3242 miserabiliter
856 3176 1044 3241 constituti.

372 3290 419 3345 ier

206 3450 258 3460 -
322 3405 354 3483 7,
367 3407 553 3484 miserim
602 3403 769 3462 nouerat.

362 3507 433 3591 suit

207 3673 258 3683 -.
321 3632 352 3706 9,
367 3628 551 3715 azymas„
601 3637 704 3702 quam
729 3636 798 3682 non
823 3616 996 3683 habebant
1013 3619 1196 3703 patientes,
1221 3618 1294 3682 exi·

364 3728 555 3793 consulam
623 3718 762 3801 gebant,
777 3735 840 3781 nec
853 3717 1056 3783 credebatur
1068 3717 1214 3784 afflictis.

207 3890 259 3899 .-
302 3856 352 3930 13,
366 3851 534 3939 mansur
602 3838 804 3923 agebantur,
820 3859 882 3905 nec
902 3848 1017 3906 tamen
1033 3840 1099 3907 boc
1118 3842 1192 3906 sine
1208 3841 1294 3905 mul-

624 3940 669 4005 tis
684 3939 1008 4024 perturbationibus.

206 4120 259 4130 -
299 4115 343 4126 -
364 4099 555 4144 aee..oaaas
602 4064 717 4129 dmm·

370 4187 438 4242 mat

205 4338 258 4350 ..
302 4305 355 4380 21,
370 4303 405 4367 5„
420 4301 498 4367 „ula
604 4290 836 4356 Lendinenses
865 4288 1043 4352 mulierum
1071 4304 1165 4351 more
1194 4306 1295 4370 puer-

365 4403 545 4487 pamm.
624 4410 781 4475 penarum
798 4390 833 4454 in
847 4387 1027 4472 puerperio
1037 4386 1238 4471 jacentium.

373 4503 452 4566 tiens

206 4668 258 4679 ..
302 4630 353 4703 23,
370 4627 526 4691 {molum
604 4615 778 4679 insolitum
794 4612 885 4692 gulae
901 4611 1160 4675 irritamentum.
