3334 5734
362 759 428 828 2⁷6
731 774 928 825 uuorrouus
951 774 1082 824 ventu.

379 991 382 1000 .
415 961 536 1027 merito
563 963 615 1026 lra
634 959 752 1027 divina
771 977 966 1044 percussus,
985 957 1029 1023 ad
1051 956 1191 1042 aliquod
1214 957 1452 1026 offendiculum
1659 933 1664 1024 i

415 1079 503 1147 equo
519 1062 721 1147 crepitante,
735 1060 817 1126 licet
826 1059 1034 1144 pedetentim
1051 1058 1261 1137 ambulante,
1278 1059 1314 1123 in
1329 1069 1454 1126 terram
1661 1077 1664 1092 ·

414 1161 542 1227 comit
563 1161 757 1246 resupinus,
781 1168 818 1225 et
842 1160 953 1224 fracto
976 1159 1066 1224 collo
1089 1158 1223 1236 misere,
1246 1178 1310 1224 nec
1340 1169 1454 1227 tamen

414 1261 662 1338 miserabiliter,
690 1260 892 1343 exspiravit.
944 1258 1034 1323 Haec
1057 1258 1116 1343 pia
1137 1259 1254 1323 missio
1276 1259 1371 1325 sacta
1391 1261 1457 1327 luit

413 1380 475 1444 per
490 1360 724 1445 Radulphum,
738 1360 934 1444 episcopum
950 1358 1208 1434 cicestrensem,
1225 1366 1310 1424 tnnc
1325 1362 1457 1425 eanoel·

414 1460 550 1539 larium,
571 1462 682 1527 virum
702 1460 838 1546 justum
861 1466 897 1524 et
922 1458 986 1525 toti
1010 1477 1118 1542 regnu
1144 1457 1392 1539 fidelissimum,
1419 1470 1457 1527 et

414 1560 559 1626 miseriis
592 1560 744 1627 Huberti
774 1558 1021 1626 condolentem.
1073 1557 1170 1623 Visis
1198 1558 1307 1641 igitur
1334 1560 1456 1639 literis,

413 1660 517 1746 stetit*
536 1643 708 1727 euerritus
733 1659 844 1726 civilis
873 1665 909 1723 et
931 1657 1078 1743 populus
1100 1659 1300 1740 universus;
1333 1669 1371 1726 et
1391 1663 1454 1737 sic,

413 1768 547 1826 mutato
571 1761 727 1839 consilio,
749 1779 812 1826 rex
835 1756 1035 1825 festinanter
1058 1758 1231 1824 nuntiavit
1256 1766 1296 1824 ut
1318 1780 1456 1844 promo·

412 1867 485 1925 tum
501 1862 688 1927 exercitum
703 1859 796 1927 illico
813 1866 1001 1924 revocaret.
1051 1856 1103 1924 At
1114 1858 1209 1924 cives
1221 1860 1338 1923 auimo
1354 1862 1455 1926 nimis

412 1961 622 2027 consternati
653 1961 781 2027 reversi
815 1966 898 2024 sunt
929 1959 965 2023 in
995 1958 1126 2035 urbem,
1155 1958 1282 2025 infecto
1315 1962 1456 2044 negotio

411 2061 615 2127 execrando.

370 2201 427 2241 utu.
451 2202 502 2239 ult.

360 2266 433 2341 251,
470 2264 693 2340 honorabatur
754 2263 846 2328 addit
864 2262 990 2343 Paris„
1015 2264 1157 2347 gloriosi
1182 2264 1274 2347 regis
1298 2274 1337 2331 et
1363 2285 1454 2330 mar·

774 2363 861 2447 tyris
876 2372 1061 2446 rogaturus
1076 2364 1118 2429 de
1135 2364 1358 2432 tribulatione
1373 2385 1451 2431 oon·

685 2463 689 2470 '
774 2463 990 2529 solationem.

359 2628 408 2636 —
453 2589 507 2664 25,
526 2589 708 2666 omtissimis
752 2587 844 2655 addit
869 2590 997 2670 Paris„
1032 2593 1115 2675 quia
1144 2611 1212 2658 uun
1246 2593 1453 2661 invenerunt

774 2701 970 2776 promptum
988 2692 1134 2756 fabrum.
1171 2691 1330 2758 Vocatus
1346 2696 1453 2779 igitur

774 2790 872 2856 faber
900 2791 1038 2876 quidam
1067 2799 1107 2856 ut
1129 2802 1317 2877 apponeret
1343 2815 1452 2878 genus

776 2889 947 2974 quoddam
964 2891 1178 2976 oompedum,
1203 2894 1263 2978 qui
1285 2903 1452 2961 vocantur

774 2990 904 3069 annuli,
945 2990 1182 3074 interrogavit,
1223 2993 1325 3078 cujus
1358 2996 1450 3060 tibiis

774 3088 853 3154 illos
866 3100 1073 3176 apponeret3
1100 3099 1135 3157 et
1149 3093 1360 3177 respondens
1378 3096 1451 3179 qui·

774 3189 854 3254 dam
878 3209 995 3255 eorum
1017 3192 1079 3268 ait,
1096 3191 1268 3258 ‘Huberti
1285 3194 1329 3259 de
1347 3195 1447 3273 Bure,

774 3288 964 3355 seductoris
980 3292 1128 3356 convicti
1148 3300 1183 3357 et
1196 3293 1359 3376 fugitivi?
1399 3297 1448 3363 At

775 3389 869 3456 faber
882 3410 927 3455 ex
944 3390 1016 3456 alto
1035 3390 1163 3457 ducens
1182 3395 1368 3478 suspirium
1389 3398 1448 3476 ait,

773 3489 879 3553 ‘Fiat
901 3489 942 3555 de
963 3510 1017 3555 me
1039 3491 1205 3575 judicium
1236 3495 1331 3577 quud
1354 3498 1450 3561 vohis

773 3588 906 3670 placet;
946 3591 1149 3674 propitietur
1187 3592 1283 3658 Deus
1324 3596 1449 3662 auimae

774 3707 872 3766 meae,
901 3690 989 3755 vivit
1019 3691 1110 3756 euim
1144 3692 1326 3773 Dominus,
1361 3716 1449 3761 nun·

773 3806 876 3870 quam
898 3789 1008 3855 ferrea
1022 3791 1159 3856 vincula
1182 3813 1356 3877 apponam
1376 3797 1448 3877 illi;

773 3896 877 3952 antea
888 3890 1015 3955 moriar
1029 3911 1231 3976 quocunque
1242 3894 1449 3963 discrimine.

775 3986 901 4053 Nonne
920 3996 974 4054 est
993 3989 1061 4056 iste
1084 3990 1264 4058 Hubertus
1291 3995 1450 4063 fidelissi·

773 4096 898 4159 muset
913 4091 1162 4172 magnanimus,
1178 4095 1237 4177 qui
1259 4096 1365 4161 toties
1385 4099 1451 4163 eri·

774 4187 850 4269 puit
875 4188 1037 4271 Angliam
1061 4211 1084 4255 a
1108 4195 1303 4260 vastatione
1329 4196 1449 4262 alieni·

772 4307 949 4367 genarum,
971 4297 1007 4355 et
1023 4291 1173 4357 restituit
1197 4293 1359 4377 Angliam
1373 4295 1448 4362 An-

771 4387 878 4467 gliael
915 4388 984 4468 Qui
1002 4391 1144 4456 servivit
1161 4401 1231 4458 tam
1248 4403 1449 4462 constanter
1515 4394 1519 4399 ’

770 4496 805 4550 et
837 4488 981 4553 fideliter
1011 4492 1045 4554 in
1078 4490 1263 4572 Guseonia,
1290 4496 1324 4559 iu
1353 4496 1446 4562 Nor·

769 4589 917 4666 mannia,
944 4599 979 4653 et
1002 4590 1096 4669 alibi,
1115 4594 1187 4673 regi
1207 4592 1358 4660 Johanni
1381 4617 1449 4662 suo
