3334 5734
300 833 308 846 ¹
398 755 465 824 8⁰6
765 767 964 817 cannones
986 766 1117 816 viniis.

408 896 466 934 rto.
488 895 541 933 ut.

399 960 476 1037 310,
493 960 545 1035 11,
548 955 747 1043 melorius
793 954 850 1020 On
872 952 931 1018 the
951 952 1055 1017 lower
1075 949 1209 1033 margin
1232 950 1272 1015 os
1285 950 1321 1013 0.
1339 948 1434 1014 there
1452 949 1482 1014 is

814 1053 896 1119 hare
915 1052 1030 1130 noted,
1044 1057 1055 1087 ‘
1069 1051 1238 1116 Dominus
1260 1049 1420 1132 Rogerus
1442 1048 1483 1113 de

817 1151 1027 1229 Wandovre,
1043 1152 1136 1235 prior
1154 1148 1338 1233 aliqnando
1356 1147 1399 1213 de
1420 1148 1485 1213 Be·

816 1252 941 1330 luvair,
961 1252 1136 1335 hucusque
1154 1249 1315 1315 chronica
1329 1267 1394 1312 sna
1412 1247 1484 1312 haec

818 1350 982 1434 digessit3
1014 1349 1134 1434 incipit
1164 1349 1271 1414 frater
1297 1346 1485 1412 Matthaeus

820 1449 1048 1517 Parisiensis.'
1379 1463 1381 1466 ·

405 1616 457 1632 -
498 1614 543 1628 -
570 1574 724 1643 Gillertos
798 1593 900 1657 quem
928 1592 991 1637 rex
1022 1591 1142 1638 sereno
1175 1570 1273 1637 vultu
1304 1568 1487 1652 respiciens

569 1677 678 1742 Boosct
692 1724 701 1741 .
718 1725 726 1740 .
741 1723 750 1738 .
820 1674 971 1757 suscepit
982 1669 1018 1736 in
1032 1672 1193 1756 amplexu
1207 1678 1243 1736 ot
1250 1668 1345 1754 pacis
1358 1669 1486 1746 osculo,

570 1775 748 1842 Richardus
821 1773 967 1856 gratiam
983 1773 1014 1837 ei
1026 1772 1204 1857 pristinam
1221 1768 1441 1844 restituendo,
1454 1775 1489 1833 et

573 1875 695 1941 dictord
822 1872 883 1938 alii
897 1871 1025 1937 exules.
1070 1870 1168 1935 Tunc
1182 1868 1361 1933 Hubertns
1376 1886 1488 1933 comas

824 1972 969 2050 Cantica,
1004 1990 1082 2035 cnm
1119 1976 1221 2052 grata
1257 1967 1490 2033 recordatione

818 2071 950 2157 junctis
974 2071 1130 2134 manibus
1156 2065 1342 2153 suspiciens
1365 2068 1402 2130 in
1428 2086 1490 2131 w-

824 2172 907 2247 lurn,
924 2169 1012 2235 dixit
1025 2170 1061 2233 in
1077 2167 1178 2234 corde
1192 2173 1227 2232 et
1239 2186 1309 2245 ore,
1322 2166 1374 2232 ‘0
1391 2166 1489 2242 Jasu,

825 2270 987 2335 Salvator
1000 2268 1172 2345 crucifixe,
1192 2286 1292 2350 quem
1307 2266 1491 2331 ementatis

825 2369 860 2432 in
876 2387 976 2434 cruce
996 2368 1192 2433 vulneribus
1213 2365 1397 2449 aliqnando
1418 2363 1494 2429 dor-

826 2468 934 2532 miens
958 2467 1131 2550 conspexi,
1158 2466 1251 2531 etin
1268 2465 1418 2530 crastino
1440 2483 1494 2529 se·

826 2566 975 2631 cundum
996 2564 1206 2631 admonitum
1230 2571 1326 2629 tunm
1346 2571 1417 2629 tute
1437 2583 1496 2646 pe·

828 2665 921 2749 perci
956 2663 1090 2748 effigiei,
1120 2664 1262 2730 eundern
1291 2663 1495 2740 venerando,

828 2784 918 2830 nune
932 2764 1015 2828 mihi
1025 2762 1130 2830 vestri
1147 2764 1260 2847 grstia
1273 2770 1424 2847 tempore
1438 2781 1494 2846 op

734 2951 736 2954 Ι
829 2871 976 2949 portuno
1005 2872 1138 2946 grutam
1162 2863 1344 2946 rependisti
1370 2862 1497 2927 vicissi-

830 2963 1004 3029 tudinem?
1046 2961 1093 3028 Et
1109 2971 1148 3027 nt
1168 2962 1223 3026 hic
1244 2962 1411 3046 apologus
1429 2961 1496 3026 cla-

831 3063 903 3127 rius
936 3061 1105 3126 elucescat
1145 3060 1373 3140 audientibus,
1407 3060 1495 3125 facto

830 3180 940 3246 parvo
954 3161 1105 3226 materia}
1117 3160 1329 3240 diverticulo,
1346 3160 1497 3243 legentes

833 3260 1077 3326 certificemus:
1111 3259 1276 3343 Contigit,
1302 3279 1428 3343 guerra
1451 3260 1500 3323 in·

834 3368 1014 3443 grassante
1035 3367 1187 3443 tempore
1207 3360 1298 3443 regis
1318 3360 1342 3424 J
1345 3359 1500 3438 ohannis,

834 3460 928 3543 qnod
951 3459 1079 3543 rapinis
1099 3467 1134 3523 et
1157 3459 1321 3524 incendiis
1347 3458 1501 3524 attende·

837 3567 913 3624 rent
930 3578 1023 3623 more
1036 3570 1169 3641 grranae
1185 3559 1321 3636 milites,
1337 3578 1414 3622 curn
1431 3577 1502 3622 ser·

836 3658 1017 3734 vientibns,
1026 3658 1128 3740 reglis
1140 3657 1316 3741 stipendiis
1325 3658 1502 3741 assignati,

812 3759 962 3842 lqnibus
979 3764 1126 3841 praeerat
1141 3756 1319 3822 Hubertns
1341 3775 1503 3822 memora·

838 3866 905 3924 tus.
956 3855 1113 3936 Quadam
1145 3856 1250 3938 igitur
1279 3863 1391 3935 nocte,
1423 3856 1502 3921 dum

837 3957 970 4041 sopitus
994 3955 1066 4021 alto
1092 3975 1210 4020 somno
1234 3955 1404 4020 instratu
1431 3955 1504 4039 qni·

840 4065 981 4133 asceret,
1011 4056 1172 4138 apparuit
1202 4055 1234 4119 ei
1267 4054 1436 4119 Dominus
1470 4056 1503 4119 in

840 4174 939 4220 cruce
955 4154 1106 4238 pendens
1122 4153 1314 4232 crucifixus,
1330 4154 1422 4219 sicut
1434 4173 1503 4218 ma·

842 4254 942 4318 nibus
954 4253 1122 4318 artificum
1138 4253 1225 4318 solet
1238 4253 1429 4337 insculptus
1443 4251 1504 4318 effi·

841 4354 939 4435 giari,
963 4365 998 4418 et
1025 4353 1087 4431 ait,
1110 4352 1223 4417 ‘Cum
1244 4354 1366 4418 iterum
1383 4353 1504 4418 rideris
1555 4353 1558 4357 ’

839 4471 949 4516 meam
971 4450 1126 4534 effigiem,
1149 4470 1250 4534 parce
1272 4452 1356 4516 mihi
1375 4453 1412 4516 in
1435 4452 1503 4526 illa,

839 4560 874 4616 et
890 4551 982 4616 deler
1005 4571 1046 4618 ac
1062 4553 1247 4618 venerare!
1299 4552 1341 4617 In
1360 4552 1503 4617 erastino
