3334 5734
540 816 738 865 uncrronss
762 816 893 865 venis.
1195 798 1260 865 117

216 996 346 1079 Regem
359 1016 478 1080 regum
492 1016 529 1062 se
543 1005 745 1063 convertens
754 999 941 1063 Dominum
953 997 1067 1061 Deum
1083 996 1257 1062 invocavit

214 1097 251 1160 in
278 1096 441 1162 ultionem
467 1116 545 1162 oum
575 1097 771 1182 lachrymis,
799 1107 840 1163 ut
872 1116 1042 1182 quemque
1074 1098 1258 1180 superbum

215 1194 377 1278 frangens
388 1202 520 1261 tantam
534 1217 673 1280 passum
690 1198 850 1283 injuriam
861 1197 1109 1274 consolaretur,
1123 1197 1182 1280 qui
1196 1197 1258 1273 ait,

215 1294 328 1360 ‘Mihi
348 1295 547 1374 vindictam,
569 1308 604 1362 et
617 1316 682 1379 ego
697 1297 908 1361 retribuam!
959 1296 1042 1360 Dux
1059 1304 1173 1360 autem
1188 1297 1257 1360 cito

215 1402 295 1477 post
310 1394 454 1459 reditum
469 1395 512 1459 ad
526 1397 666 1479 propria
681 1397 844 1461 confusus
864 1403 900 1460 et
911 1394 1124 1460 verecundus
1146 1402 1258 1460 matu-

215 1494 316 1559 ravit.
369 1494 448 1560 Hoc
464 1495 569 1573 sacto,
592 1515 654 1559 rex
675 1496 870 1561 Richardus
889 1503 1011 1579 postea
1036 1514 1105 1560 uon
1130 1495 1258 1560 medio·

214 1593 317 1658 criter
333 1596 559 1677 exprobratus
576 1596 723 1661 eruhuit.

158 1735 220 1773 ΡΛῦ.
256 1736 307 1774 ult.

164 1814 219 1892 59,
258 1816 311 1891 26,
325 1815 378 1879 sed
388 1836 512 1881 aona..
564 1817 611 1881 Et
619 1819 701 1900 quia
709 1825 833 1882 ventus
851 1817 1098 1882 adversabatur
1112 1835 1157 1880 ex
1169 1815 1256 1881 ohli-

313 1915 499 2000 appulerant
585 1936 653 2000 qno
674 1918 893 1999 remigantes,
908 1935 985 1980 cum
998 1916 1109 1980 tribus
1122 1923 1256 1980 tantum

586 2018 732 2081 navibus
765 2016 868 2080 tertia
891 2015 946 2080 die
972 2035 1072 2079 mane
1094 2015 1129 2079 in
1155 2022 1257 2098 portu

586 2113 609 2179 J
611 2135 700 2198 open
716 2115 970 2199 applicuerunt;
988 2115 1038 2180 00.
1051 2122 1079 2178 et
1093 2114 1136 2178 R.

162 2237 220 2311 60,
281 2236 513 2315 samboe-
564 2257 604 2302 ao
622 2237 832 2315 vulneratos,
854 2245 976 2321 captos
993 2236 1100 2321 jussit
1122 2236 1257 2319 perimi,

328 2346 373 2401 tos
434 2338 513 2424 repis
585 2339 734 2421 quinque
750 2345 864 2402 tamen
880 2337 1137 2420 praestantiores
1150 2356 1258 2401 reser-

330 2436 498 2520 dtffidmteo
585 2437 712 2515 nendo,
739 2437 798 2502 sed
822 2438 889 2520 ipsi
914 2436 1044 2501 strenui
1061 2435 1163 2501 valde
1177 2455 1258 2501 eva-

586 2535 704 2601 dentes
729 2556 766 2601 se
798 2536 834 2600 in
860 2542 1012 2600 castrum
1044 2542 1258 2619 receperunt,

584 2645 619 2700 et
645 2637 848 2700 invenerunt
872 2635 996 2699 ibidem
1022 2653 1140 2699 omnes
1167 2642 1257 2700 trac·

583 2743 694 2801 tatum
708 2734 873 2800 hahentes
889 2734 931 2799 de
947 2732 1119 2798 reddendo
1132 2741 1257 2813 castro,

584 2835 674 2918 quod
703 2842 738 2899 et
762 2836 832 2899 cito
851 2834 1025 2910 fecissent,
1047 2833 1114 2897 nisi
1133 2833 1176 2897 de
1197 2834 1258 2898 ad-

582 2943 689 2999 ventu
705 2935 798 3016 regis
813 2932 1104 3013 certificarentur3
1125 2932 1256 2998 deas.

155 3098 215 3113 -
262 3059 312 3135 13,
320 3059 492 3142 panam-
561 3057 755 3141 praemoniti
771 3056 929 3121 inissent.

329 3166 437 3222 matur

154 3321 215 3334 -
261 3281 313 3355 24,
329 3279 396 3343 Boe
413 3288 514 3343 subm
564 3278 644 3344 Rex
666 3297 747 3343 voro
766 3283 807 3342 ut
829 3275 1008 3341 castellnm
1031 3273 1181 3341 nondum
1204 3275 1257 3340 fu·

330 3378 514 3443 ...initiam
582 3379 651 3442 isse
676 3383 814 3461 captum
846 3376 1073 3459 cognovisset,
1104 3375 1145 3440 de
1174 3376 1256 3442 navi

327 3475 505 3543 obeamus
586 3477 756 3560 prosiluit,
781 3482 816 3540 et
829 3476 866 3539 in
887 3475 1017 3540 medias
1036 3474 1184 3539 hostium
1198 3494 1256 3540 oa·

584 3585 699 3642 ternas
710 3595 747 3640 se
758 3573 1258 3657 audacteringessit,adextris

585 3682 621 3741 et
643 3676 791 3740 sinistris
815 3673 971 3738 inimicos
997 3673 1255 3756 prosternendo.

587 3775 695 3860 Cujus
720 3775 936 3840 subitaneum
960 3773 1123 3856 impetum
1151 3773 1257 3838 Turci

586 3894 654 3940 non
667 3874 826 3952 ferentes,
839 3872 1016 3937 credentes
1029 3872 1131 3936 etiam
1144 3873 1255 3955 ipsum

586 3992 803 4038 numerosum
838 3971 1025 4037 exercitum
1058 3970 1256 4049 adduxisse,

586 4075 630 4138 ab
659 4072 834 4137 obsidione
864 4070 1046 4151 diffugiunt
1070 4069 1178 4134 donec
1202 4088 1256 4133 re·

585 4172 808 4254 grederentur
830 4171 1019 4244 civitatem,
1048 4166 1257 4233 salahadino

585 4272 622 4336 in
636 4291 738 4336 curru
755 4270 876 4353 rapido
896 4274 1135 4352 praecurrente.
1175 4268 1256 4332 Rex

586 4378 701 4436 autem
730 4370 886 4435 hostibus
918 4367 1046 4450 fugatis
1078 4365 1139 4450 figi
1169 4386 1257 4450 prae-

585 4472 677 4555 cepit
707 4471 857 4535 tentoria
888 4486 952 4533 sua
985 4474 1086 4532 extra
1114 4468 1256 4547 urbem3

586 4571 635 4635 Oe.
646 4578 674 4635 ot
691 4571 731 4633 R.
