3334 5734
568 746 767 806 usorronns
790 748 924 798 vaura.
1224 732 1291 799 263

197 923 387 1003 civitatem,
405 935 485 1011 post
498 927 610 1012 ipsum
626 929 809 995 noluerunt
824 948 1010 995 remanere.
1060 929 1287 1015 subsequenti

198 1043 282 1089 vero
301 1025 356 1090 die
370 1026 564 1106 Dominica,
579 1028 710 1094 scilicet
727 1048 797 1112 qua
811 1036 971 1095 cantatur
986 1035 997 1064 ⁴
1011 1028 1146 1095 Laetare
1162 1030 1287 1095 Hieru-

197 1123 331 1203 salem,'
358 1127 455 1192 venit
480 1126 615 1206 Achon,
640 1136 675 1194 et
698 1129 734 1193 in
757 1128 834 1213 ipsa
862 1129 1002 1194 civitate
1029 1128 1193 1213 populum
1222 1130 1288 1194 sibi

199 1222 357 1289 alliciens
385 1226 417 1290 ei
442 1227 615 1309 quandam
646 1227 840 1294 libertatem
868 1228 1049 1305 concessit,
1074 1235 1115 1293 ut
1136 1228 1287 1294 savorem

198 1321 310 1405 ipsius
342 1344 404 1408 per
434 1325 499 1391 hoe
530 1328 751 1394 mendicaret.
802 1326 949 1412 Propter
980 1327 1071 1412 quod
1102 1327 1168 1393 hoc
1196 1328 1288 1403 lecit,

197 1422 297 1488 norit
314 1423 424 1501 Deus,
448 1433 484 1491 et
497 1425 649 1510 ejusdem
670 1446 775 1510 opera
797 1429 978 1510 sequentia
1001 1426 1288 1492 demonstrarunt.

198 1519 290 1585 Cum
320 1534 438 1589 autem
468 1527 665 1608 passagium
696 1526 850 1602 instaret,
882 1533 918 1590 et
940 1545 1058 1592 omnes
1083 1527 1288 1592 unanimiter

198 1622 384 1704 peregrini,
412 1624 528 1707 pusilli
551 1644 629 1690 cum
654 1626 799 1707 mugnis,
823 1625 964 1691 visitato
989 1625 1182 1709 sepulchro,
1210 1633 1287 1691 tau·

197 1738 304 1801 quam
330 1724 605 1805 peregrinatione
630 1732 780 1807 peracta,
810 1732 1013 1808 pararentur
1039 1725 1083 1790 ad
1105 1744 1287 1803 semesum

197 1837 275 1882 oum
307 1826 464 1904 treugam
495 1843 563 1888 non
593 1823 792 1888 haberemus
823 1842 902 1888 cum
931 1822 1081 1889 Saldano
1113 1824 1286 1901 Damasci,

197 1936 275 1996 nos,
298 1920 454 1987 videntes
474 1929 600 1987 terram
618 1923 692 2007 jam
713 1922 913 1988 destitutam
936 1930 971 1988 et
986 1942 1008 1987 a
1027 1924 1214 2006 peregrinis
1237 1943 1287 1988 re

197 2016 329 2095 lictum
361 2021 542 2086 consilium
564 2020 599 2085 iu
631 2030 727 2087 arcto
755 2022 933 2087 constituti
958 2022 1154 2101 inieramus,
1179 2030 1219 2088 ut
1244 2022 1287 2087 de

196 2115 417 2203 eleemosyna
431 2122 497 2204 piae
514 2121 687 2185 memoriae
700 2121 791 2204 regis
810 2120 964 2185 Franciae
981 2121 1105 2185 milites
1121 2140 1184 2204 pro
1198 2140 1287 2186 com-

196 2217 294 2281 muni
321 2218 473 2285 utilitate
496 2220 729 2285 retineremus.
779 2219 882 2298 Quod
903 2238 979 2284 oum
997 2219 1130 2284 audiret
1144 2221 1287 2303 impera-

197 2321 265 2393 tor,
281 2317 493 2399 significavit
508 2320 606 2385 nobis
619 2339 658 2385 se
673 2339 775 2403 super
788 2319 853 2384 hoe
867 2318 1038 2396 admirari,
1055 2337 1132 2384 cum
1148 2327 1289 2401 treugas

196 2432 275 2479 cum
307 2415 462 2483 Soldano
493 2418 695 2503 Babyloniae
727 2417 972 2483 confirmasset.
1023 2416 1287 2501 Respondimus,

196 2514 292 2596 quod
309 2514 423 2581 adhuc
440 2519 639 2583 remanebat
652 2518 778 2582 ferrum
792 2517 828 2581 in
843 2516 995 2594 vulnere,
1012 2537 1057 2583 ex
1070 2536 1139 2600 quo
1157 2525 1287 2599 treugae

196 2613 253 2678 vel
282 2633 355 2697 pax
384 2636 453 2682 non
481 2616 547 2682 tuit
573 2617 660 2682 inita
685 2635 762 2681 cum
787 2615 937 2681 Soldano
967 2615 1142 2692 Damasci,
1167 2625 1287 2700 utpote

196 2713 357 2794 predicti
381 2714 536 2795 Soldani,
558 2718 595 2781 in
621 2715 686 2781 hoo
707 2716 739 2780 ei
761 2713 1053 2792 oontradieentes3
1076 2714 1287 2798 adjicientes,

197 2812 303 2894 quod,
320 2813 433 2879 invito
457 2814 561 2879 etiarn
582 2814 732 2879 Soldano
755 2812 969 2896 Babyloniae,
992 2831 1055 2876 nos
1073 2820 1190 2894 posset
1216 2812 1286 2877 Da-

197 2930 383 2977 massanus
410 2914 511 2978 nimis
532 2911 755 2978 damnificari.
806 2909 1000 2994 Respondit
1027 2909 1212 2993 imperator
1235 2910 1287 2974 di·

196 3029 293 3089 cens,
324 3011 418 3094 quod
443 3013 518 3097 ejus
544 3011 686 3078 consilio
709 3019 745 3077 et
765 3009 915 3087 licentia,
939 3009 998 3093 qni
1026 3008 1100 3093 Jam
1129 3028 1191 3073 rex
1221 3008 1288 3073 luit

197 3108 553 3196 Hierosolymitanus,
572 3131 640 3176 non
663 3110 831 3175 debebunt
847 3108 972 3174 milites
985 3108 1135 3190 guerrivi
1151 3108 1287 3172 reducti

194 3207 231 3272 iu
256 3228 368 3292 regno
391 3229 468 3275 suo.
519 3209 576 3275 Ad
593 3209 684 3294 quod
708 3207 954 3292 respondimus,
978 3206 1069 3290 quod
1097 3225 1200 3289 super
1222 3205 1288 3270 hoc

196 3308 387 3389 plurimum
413 3309 624 3387 dolebamus,
645 3307 736 3392 quod
758 3308 800 3371 de
821 3306 875 3371 his
900 3313 936 3371 et
948 3305 1178 3370 consimilibus
1203 3324 1284 3369 con·

196 3406 316 3471 silium
345 3407 458 3491 ipsius
485 3407 783 3483 exeommunicati,
807 3406 881 3470 sine
911 3403 1060 3488 periculo
1086 3404 1286 3479 animarum,

196 3524 267 3569 non
298 3507 477 3590 potuimus
507 3515 719 3590 exspectare.
769 3503 827 3582 Et,
850 3523 927 3568 cum
954 3502 1086 3568 adhoc
1114 3502 1163 3566 nil
1187 3502 1288 3567 nobis

196 3603 391 3687 imperator
404 3605 633 3684 remandaret,
654 3604 710 3669 die
730 3602 887 3686 sequenti
901 3602 984 3667 fecit
999 3608 1099 3666 extra
1114 3602 1288 3666 civitatem

195 3721 259 3786 per
287 3723 486 3788 praeconem
513 3703 687 3787 publicum
711 3703 910 3785 congregari
936 3699 1134 3784 peregrinos
1154 3699 1287 3764 babita-

196 3811 294 3867 tores
323 3804 491 3880 civitatis,
514 3820 556 3868 ac
582 3822 643 3885 per
664 3801 829 3885 speciales
848 3800 986 3864 nuntios
1005 3797 1166 3879 praelatos
1187 3797 1288 3861 simul

196 3909 232 3966 et
249 3901 438 3984 religiosos
453 3903 490 3966 in
507 3902 650 3978 sabulo;
677 3901 766 3964 inter
781 3917 867 3982 quos
883 3900 956 3980 ipse
969 3896 1193 3979 personaliter
1209 3914 1288 3959 con-

194 4001 347 4066 stitutus
370 4002 482 4083 primo
503 4002 611 4083 coepit
632 4000 675 4063 de
695 3998 793 4064 nobis
818 3996 969 4079 graviter
986 3994 1159 4076 conqueri,
1184 3992 1290 4057 salsas

195 4099 436 4183 querimonias
466 4096 684 4163 cumulando.
738 4094 906 4172 Secundo,
937 4091 980 4157 ad
1012 4092 1122 4155 virum
1150 4110 1291 4157 venera·

194 4197 304 4262 bilem
331 4199 538 4280 magistrum
563 4196 697 4279 Templi
721 4213 909 4260 sermonem
933 4197 1143 4271 retorquens,
1165 4190 1291 4257 lamam

194 4316 299 4361 suam
318 4305 466 4363 conatus
483 4303 537 4361 est
551 4294 685 4378 publice
705 4293 809 4358 variis
830 4310 872 4358 ac
888 4290 985 4357 vanis
1001 4289 1292 4356 sermocinationi·

193 4396 264 4460 bus
282 4416 354 4462 non
369 4395 586 4461 mediocriter
602 4393 799 4472 obfuscare;
830 4391 930 4456 etsie
950 4386 1085 4470 culpam
1108 4391 1294 4472 propriam,

194 4495 371 4580 quaejam
389 4494 683 4568 manifestabatur,
707 4490 906 4556 intendebat
925 4489 960 4551 in
981 4485 1067 4552 alios
1087 4495 1296 4571 retorquere,
