3334 5734
590 771 787 832 nncrrortss
811 771 943 821 varim
1247 757 1313 824 &lli

218 955 450 1021 necessarium
466 961 507 1020 nt
522 953 696 1038 principes
711 960 747 1019 et
759 953 879 1038 populi
896 952 1083 1020 Christiani
1100 954 1145 1020 ad
1164 955 1309 1021 invicem

216 1075 338 1140 pacem
371 1057 565 1133 observent,
591 1055 698 1140 juxta
723 1054 816 1138 quod
841 1061 1010 1121 statutum
1034 1064 1089 1120 est
1109 1056 1145 1120 in
1164 1057 1309 1122 concilio

216 1156 382 1238 generali,
395 1155 554 1221 volumus
577 1160 614 1219 et
629 1153 831 1219 mandamus
851 1161 891 1219 ut
904 1154 1027 1219 saltem
1050 1174 1112 1238 per
1130 1156 1310 1239 quadrien-

217 1257 313 1320 nium
334 1257 371 1319 in
387 1263 461 1321 toto
478 1257 561 1321 orbo
577 1253 774 1319 Christiano
788 1272 860 1338 pax
876 1254 1082 1335 generaliter
1096 1255 1307 1332 observetur,

216 1357 269 1421 ita
284 1355 377 1440 qnod
398 1374 460 1438 per
477 1354 699 1420 ecclesiarum
716 1352 879 1437 prelatos
893 1353 1128 1420 discordantes
1142 1354 1309 1421 reducan-

219 1462 277 1520 tur
298 1455 343 1521 ad
366 1454 504 1539 plenam
523 1473 643 1538 pacem
664 1460 725 1518 ont
741 1453 874 1517 firmam
888 1462 1046 1537 treugam
1066 1454 1309 1520 iuviolabiliter

218 1554 485 1634 observandam
506 1553 612 1637 etqui
621 1552 841 1637 adquiescere
853 1553 942 1619 forte
955 1555 1232 1638 contempserint,
1249 1574 1311 1638 per

218 1654 607 1720 excommunicationem
626 1653 662 1717 in
685 1672 850 1736 personas
863 1660 898 1718 at
911 1653 1129 1720 interdictum
1145 1655 1182 1718 in
1197 1662 1306 1719 terras

219 1754 411 1821 arctissime
437 1753 698 1838 compellantur,
723 1753 790 1818 nisi
817 1760 916 1818 muta
943 1752 1048 1819 fuerit
1069 1754 1308 1839 injuriatorum

218 1854 351 1919 malitia
370 1853 463 1936 quod
488 1872 557 1918 non
578 1852 726 1918 debeant
739 1871 825 1936 pace
846 1852 1005 1935 gaudere
1057 1851 1158 1932 Quod
1174 1854 1204 1919 si
1220 1853 1309 1920 forte

218 1973 399 2019 censuram
413 1952 680 2018 ecelesiasticam
694 1951 948 2036 vilipenderint,
970 1960 1132 2037 poterunt
1154 1972 1223 2019 non
1244 1954 1308 2018 im·

219 2055 342 2120 merito
366 2052 561 2131 formidare,
589 2072 634 2117 ne
655 2071 717 2135 per
745 2053 986 2118 anctoritatem
1008 2051 1161 2117 ecclesiae
1187 2061 1309 2119 conus

219 2173 279 2220 eos
304 2161 470 2237 tanquam
495 2153 750 2236 perturbatores
778 2153 909 2234 nogotii
935 2151 1101 2217 crucifixi
1131 2152 1308 2217 moriaris

219 2254 374 2339 potentia
388 2252 582 2319 inducatur.
626 2250 867 2335 Accingantur
879 2252 987 2335 igitur
998 2270 1115 2318 omnes
1130 2251 1191 2316 filii
1205 2251 1309 2335 adop·

220 2355 326 2421 tionis
340 2353 465 2420 diuma
480 2351 525 2417 ad
540 2352 740 2435 obsequium
759 2349 783 2416 J
784 2371 846 2417 esu
866 2351 1007 2429 Christi,
1025 2350 1253 2418 dissensiones
1274 2359 1311 2416 et

219 2454 300 2519 lites
316 2454 352 2516 in
366 2453 463 2536 pacis
478 2458 514 2517 et
527 2450 718 2517 dilectionis
734 2449 866 2517 foedera
882 2459 1146 2531 commutantes;
1172 2451 1309 2517 creden·

221 2554 265 2619 do
289 2553 441 2628 firmiter,
467 2550 571 2635 quod,
594 2550 625 2615 si
643 2569 722 2615 vere
738 2551 885 2616 confessi
907 2551 1035 2617 fuerint
1055 2559 1090 2616 at
1104 2552 1311 2635 compuncti,

220 2652 312 2719 felici
329 2652 532 2717 commercio
546 2649 720 2714 laboribus
735 2649 819 2726 suis,
839 2651 899 2733 qui
918 2653 989 2716 cito
1004 2658 1194 2726 transeunt,
1213 2658 1311 2715 aeter·

220 2772 301 2818 nam
330 2752 483 2836 requiem
513 2749 766 2813 mercabuntur.
825 2749 957 2814 Datum
988 2749 1131 2833 Spoleti,
1160 2749 1309 2815 secundo

221 2872 330 2920 nonas
346 2850 567 2935 Septembris,
582 2847 802 2933 pontificatus
815 2849 924 2914 nostri
938 2867 1028 2914 anno
1042 2848 1188 2914 octavo?

405 3017 615 3082 &meorum
630 3013 771 3079 anatim
784 3012 883 3100 olfait
895 3014 1010 3101 acontio
1023 3015 1132 3080 oreb.

272 3151 363 3217 Haee
386 3169 465 3215 cnm
487 3168 548 3232 per
574 3146 846 3211 Christianorum
874 3145 1026 3226 elimata,
1052 3147 1223 3232 praecipue
1249 3168 1310 3232 per

221 3252 399 3335 Angliam,
426 3248 555 3314 Christi
581 3247 737 3312 fidelibus
761 3246 1023 3325 innotescerent,
1049 3255 1085 3312 et
1110 3246 1308 3331 pradicatio

221 3373 284 3437 per
306 3350 482 3436 praelatos,
502 3348 652 3413 maxime
667 3365 749 3411 vero
770 3365 832 3428 per
856 3345 995 3411 Fratres
1012 3345 1261 3412 Prosdicatores
1276 3357 1311 3415 et

222 3453 389 3527 Minores,
412 3449 521 3527 lieret,
537 3447 661 3532 quibus
678 3444 760 3511 data
776 3445 843 3510 luit
858 3453 1012 3529 potestas
1026 3466 1126 3513 cruce
1141 3448 1313 3530 signandi,

223 3562 259 3619 et
285 3559 405 3618 votum
426 3548 509 3613 data
539 3546 683 3630 pecunia
705 3544 896 3624 relaxandi,
926 3566 1001 3612 sese
1028 3548 1140 3625 multi,
1166 3567 1311 3631 quorum

222 3674 292 3720 non
313 3657 388 3716 erat
403 3666 577 3725 numerus,
598 3665 698 3711 cruce
722 3646 956 3727 signaverunt.
1007 3646 1075 3713 Sed
1096 3649 1165 3713 cito
1182 3647 1218 3712 in
1234 3656 1312 3713 tau·

222 3761 295 3819 tam
328 3748 554 3825 nobilitatem,
589 3765 632 3810 ne
667 3746 777 3811 dicam
815 3745 1061 3829 arrogantiam,
1090 3747 1312 3813 elevabantur

223 3848 474 3919 Praedicatores
501 3854 537 3912 et
558 3846 724 3922 Minores,
749 3846 809 3929 qni
830 3854 1056 3929 spontaneam
1075 3855 1312 3930 paupertatem

223 3972 302 4018 cnm
321 3948 514 4014 hnmilitate
538 3946 725 4028 elegerunt,
751 3954 790 4011 nt
803 3946 910 4030 recipi
922 3955 1083 4011 curarent
1097 3948 1133 4011 in
1148 3948 1313 4013 coeuobiis

222 4060 258 4118 et
285 4049 485 4117 civitatibus
510 4048 547 4112 iu
572 4046 789 4130 processione
814 4046 956 4124 solenni,
975 4047 1012 4111 iu
1035 4047 1184 4126 vexillis,
1206 4048 1313 4113 cereis

221 4151 388 4226 accensis,
413 4156 449 4214 et
473 4148 509 4211 iu
534 4145 757 4230 dispositione
784 4147 997 4212 vestimentis
1018 4146 1152 4212 festivis
1176 4147 1310 4213 induto-

222 4271 321 4331 rum3
347 4257 383 4314 et
408 4265 573 4313 concessa
597 4247 725 4312 osteis
751 4247 854 4312 venia
875 4246 1059 4311 multorum
1084 4246 1216 4313 dierum
1241 4248 1314 4313 suis

222 4351 378 4418 conferre
406 4346 632 4424 auditoribus,
659 4347 883 4431 signatosque
907 4345 1020 4423 bodie,
1045 4365 1122 4411 cras
1148 4347 1231 4413 data
1255 4367 1315 4431 pe-

221 4452 335 4529 cnnia,
366 4467 389 4514 a
416 4439 539 4512 crucis
557 4453 639 4512 voto
677 4445 912 4523 absolverunt,
946 4464 1122 4530 parvoque
1162 4454 1316 4533 tempore

222 4548 429 4618 succedente
444 4547 540 4614 facta
562 4553 616 4613 est
640 4551 739 4612 tana
760 4546 995 4625 commutatio,
1011 4553 1083 4613 tarn
1098 4547 1317 4615 multiformis
