3334 5734
347 712 413 781 818
717 730 914 782 escriouns
937 731 1068 782 venis.

348 914 476 979 nostris
496 914 617 980 seriem
635 914 810 981 electionis
831 921 958 980 nosuae
979 912 1243 992 continentibus,
1273 933 1374 997 quam
1397 914 1433 979 in

349 1014 495 1080 ecelesia
517 1022 635 1081 nostra
657 1014 700 1080 de
723 1015 829 1080 fratre
848 1013 1007 1081 Johenne
1027 1014 1070 1080 de
1093 1013 1294 1079 Hertfordia
1319 1033 1434 1078 mone·

351 1113 415 1179 cbo
438 1120 555 1179 nostro
573 1114 713 1179 fecimus
730 1114 891 1179 canonice
915 1113 1089 1190 celebrari,
1113 1113 1155 1178 ad
1181 1114 1285 1197 pedes
1308 1113 1434 1177 sancti-

350 1213 432 1278 tatis
460 1221 584 1278 vestrae
614 1212 845 1292 destinamus3
881 1214 1042 1297 ipsosque
1083 1213 1126 1277 ad
1167 1212 1433 1278 confirmationis

351 1331 473 1376 munus
495 1331 517 1376 e
545 1311 625 1376 sede
650 1312 841 1395 apostolice
865 1313 1058 1396 petendum,
1083 1318 1119 1377 et
1142 1311 1187 1376 ad
1212 1310 1282 1376 alia
1300 1303 1432 1375 ‘dictam

351 1411 550 1476 electionem
577 1418 729 1476 nostram
759 1412 993 1495 contingentia
1021 1411 1245 1495 expedienda,
1273 1429 1434 1494 procura·

351 1516 444 1575 tores
462 1516 597 1575 nostros
619 1511 866 1575 constituimus.
909 1511 1049 1576 Batum
1067 1519 1102 1576 et
1124 1518 1260 1594 gratum
1284 1510 1432 1598 babituri

351 1609 442 1692 quod
473 1629 534 1692 per
566 1609 659 1693 ipsos
689 1608 745 1676 vel
774 1630 890 1678 eorum
924 1611 1068 1675 alterum
1096 1611 1131 1674 in
1162 1610 1254 1674 dicto
1284 1609 1433 1693 negotio,

351 1707 484 1773 ratione
522 1709 663 1792 praevia,
700 1707 803 1774 inerit
833 1710 1042 1793 expeditum.
1092 1708 1220 1775 Valeat
1250 1716 1285 1773 et
1318 1710 1434 1790 vigeat

352 1815 474 1873 sancta
494 1807 682 1890 paternitas
701 1816 817 1873 vestre
833 1828 968 1892 semper
983 1810 1019 1873 in
1036 1809 1205 1873 Domino!
1255 1807 1433 1874 Venerunt

352 1906 459 1990 igitur
474 1906 518 1971 ed
540 1906 669 1971 curiam
686 1907 877 1973 Romanam
901 1908 992 1992 apud
1011 1907 1202 1985 Perusium,
1225 1913 1272 1986 et,
1298 1907 1432 1971 domino

351 2025 444 2091 pepe
468 2006 640 2072 humiliter
663 2006 993 2086 salutate-formem
1017 2007 1192 2072 electionis
1207 2013 1243 2071 et
1264 2007 1313 2071 rei
1327 2014 1433 2088 gestie

353 2107 473 2171 seriem
493 2106 558 2170 sub
581 2106 634 2170 his
655 2105 763 2171 literis
786 2114 981 2171 contentam
1002 2113 1316 2191 praesentaverunt;
1338 2105 1433 2170 ‘Re-

350 2205 597 2272 verendissimo
618 2206 754 2270 domino
779 2212 815 2270 et
835 2205 927 2290 patri
949 2206 984 2270 in
1002 2206 1138 2272 Christo
1159 2206 1334 2270 carissimo
1350 2203 1433 2269 Gre-

352 2304 462 2386 gorio,
477 2304 545 2368 Dei
561 2305 675 2385 gratie
692 2323 825 2370 summo
845 2305 1012 2386 pontifici,
1036 2305 1150 2370 devoti
1173 2304 1234 2368 filii
1254 2304 1320 2381 sui,
1342 2304 1434 2387 prior

353 2408 390 2466 et
403 2408 592 2467 conventus
607 2402 719 2467 sancti
737 2400 887 2479 Albani,
900 2409 970 2468 tam
989 2405 1148 2469 devotam
1168 2423 1270 2488 quem
1287 2404 1434 2468 debitam

352 2519 431 2565 cum
455 2500 580 2583 pedum
610 2500 727 2565 osculo
754 2503 1014 2567 reverentiam:
1041 2503 1127 2569 Cum
1152 2503 1294 2568 ecclesia
1318 2509 1436 2566 nestra

350 2619 416 2684 per
429 2599 605 2665 decessum
617 2599 820 2664 venerabilis
836 2600 1130 2684 patrisWiilelmi,
1143 2603 1242 2667 bonae
1256 2601 1436 2677 memoriae,

354 2700 525 2783 quendem
549 2699 684 2764 abbatis
704 2699 822 2777 nestri,
845 2701 905 2782 qui
922 2701 1013 2765 viam
1028 2703 1196 2767 universe
1211 2701 1323 2766 carnis
1337 2705 1435 2765 sexto

354 2798 514 2864 calendas
532 2798 653 2863 Martii
674 2805 729 2862 est
745 2798 932 2880 ingressus,
953 2802 1101 2882 postoris
1123 2801 1248 2866 solatio
1276 2801 1436 2865 existeret

355 2898 532 2975 destituta,
552 2896 858 2981 certificatesnper
874 2898 938 2963 hoe
954 2898 1090 2964 domiuo
1104 2907 1221 2966 nostro
1235 2919 1327 2983 rege,
1344 2899 1436 2981 ipso·

352 3017 423 3081 que
454 2997 550 3062 nobis
581 2995 728 3079 eligendi
744 2995 930 3063 dicentium
968 2999 1185 3076 concedente,
1225 3017 1301 3076 nos,
1334 3003 1435 3081 prout

356 3097 530 3181 potuimus
554 3096 656 3161 citius
678 3102 713 3160 et
731 3097 939 3179 expeditius,
956 3098 1110 3163 volentes
1135 3099 1324 3163 animarum
1346 3096 1437 3180 peri·

352 3196 444 3261 culis
470 3214 647 3261 occurrere
668 3201 704 3260 et
729 3195 1032 3262 ecclesiaenestree
1056 3196 1334 3263 indemnitatibus
1356 3215 1435 3279 pre·

349 3295 481 3373 sidere,
498 3293 552 3359 bis
575 3294 849 3380 omnibus-prius
865 3298 930 3360 sub
950 3297 1154 3380 competenti
1175 3296 1258 3361 data
1276 3296 1438 3361 diletione

357 3393 521 3472 evocatis,
538 3395 598 3477 qui
619 3393 808 3459 debuerunt
830 3402 866 3460 et
879 3396 1063 3461 voluerunt
1086 3402 1336 3480 potueruntqne
1358 3413 1438 3459 nes·

249 3547 285 3586 ‚.·
321 3500 421 3586 'trae
451 3494 608 3559 electioni
636 3493 822 3558 commode·
839 3494 1018 3573 interesse,¹
1043 3494 1087 3560 ad
1119 3494 1311 3577 eligendum
1340 3493 1438 3558 nobis

239 3597 262 3662 *ί
356 3599 530 3677 pastorem
558 3592 646 3656 diem
672 3599 802 3658 certum
831 3593 1041 3677 praefiximus
1070 3595 1105 3659 in
1131 3595 1280 3660 crastino
1306 3612 1438 3658 ennun-

357 3693 516 3758 cietionis
536 3692 646 3757 beatos
669 3691 837 3775 Virginis.
888 3692 1100 3759 Adveniente
1124 3701 1239 3758 autem
1265 3693 1330 3771 die,
1354 3711 1439 3776 prae-

357 3791 511 3858 sentibus
531 3790 596 3870 his,
623 3792 682 3875 qui
707 3800 848 3876 prepter
872 3793 937 3858 hoe
955 3793 1090 3858 fuerant
1112 3794 1257 3871 evocati,
1282 3792 1439 3875 aliisque,

359 3898 509 3958 tractare
527 3892 693 3975 coepimus
714 3892 929 3957 steenferre.
981 3893 1038 3972 Et,
1055 3893 1136 3977 quia
1151 3912 1207 3956 res
1222 3892 1386 3976 praedicta
1397 3908 1439 3954 eo

361 3992 502 4058 dienen
526 3991 639 4075 potuit
654 3991 820 4074 expediri,
843 3991 879 4054 in
901 3994 1064 4071 crastino,
1088 4000 1128 4057 ut
1149 3991 1192 4057 de
1214 3991 1333 4057 eedem
1350 3998 1440 4055 trac·

360 4099 522 4170 taremus,
545 4091 690 4173 ingressi
713 4109 830 4155 snmus
854 4092 1042 4175 capitulum
1067 4092 1216 4170 iterat03
1245 4098 1281 4155 et
1303 4088 1439 4164 ibidem,

358 4198 438 4275 post
453 4190 520 4255 Dei
533 4190 746 4255 clementiam
762 4205 865 4273 super
881 4190 945 4255 boc
959 4190 1221 4256 misericorditer
1233 4191 1441 4265 invocatam,

361 4297 509 4355 tractare
538 4290 704 4373 coepimus
738 4290 780 4355 de
808 4290 997 4373 praemisse
1049 4291 1095 4355 Et
1126 4291 1262 4355 tandem
1288 4289 1323 4352 in
1353 4287 1441 4352 hanc

360 4390 509 4473 eligendi
533 4409 628 4473 spem
653 4388 736 4455 viris
765 4390 864 4454 benis
897 4390 939 4454 de
967 4389 1112 4472 collegio
1143 4397 1261 4478 nostro
1289 4386 1442 4473 plenaria

359 4488 442 4555 deta
461 4490 573 4555 iuerat
596 4496 747 4573 potestas
773 4496 808 4553 et
833 4489 971 4569 collata,
994 4490 1085 4573 quod
1108 4489 1176 4572 ipsi
1202 4509 1265 4573 pro
1286 4486 1440 4553 omnibus
