3334 5734
569 792 767 842 uuorrouas
791 794 922 844 vaura.
1225 776 1291 843 213

245 995 332 1059 gens
359 975 424 1041 hoc
446 994 522 1041 esse
547 975 710 1041 indicium
735 975 875 1041 ultionis
902 976 1087 1061 perpetrati
1114 975 1287 1041 facinoris.
1344 968 1348 969 ἢ

247 1074 435 1159 Adquievit
452 1084 578 1154 autem,
597 1076 658 1141 sed
675 1077 748 1154 vix,
766 1076 958 1153 Falcasius,
973 1075 1080 1160 juxta
1100 1075 1184 1140 illud
1205 1094 1289 1159 apo·

248 1176 342 1253 stoli,
358 1176 578 1241 ‘salvabitur
601 1175 823 1241 virinfidelis
846 1195 908 1260 per
931 1176 1104 1240 mulierem
1132 1175 1288 1240 fidelem'

249 1273 389 1353 Postea,
412 1282 451 1341 ut
469 1295 612 1340 uxorem
635 1294 733 1339 suam
761 1295 830 1340 non
854 1275 1053 1354 offenderet,
1079 1276 1172 1340 venit
1194 1274 1286 1358 apud

246 1381 404 1439 sanctum
430 1374 602 1440 Albanum
622 1383 658 1439 et
679 1375 821 1440 intravit
839 1375 1038 1458 capitulum,
1058 1383 1094 1440 et
1107 1375 1284 1458 spoliatus,

246 1479 367 1539 tenens
389 1476 535 1557 virgam,
557 1473 657 1559 petiit
677 1482 713 1539 et
735 1475 885 1539 obtinuit
908 1474 1168 1553 absolutionem,
1190 1493 1287 1540 oscu-

246 1572 324 1639 lans
347 1575 503 1657 singulos
525 1574 723 1652 monachae,
753 1574 853 1658 quasi
876 1575 927 1639 sic
950 1594 1068 1640 omnes
1093 1576 1285 1659 placasset3

247 1673 331 1738 nibil
349 1681 464 1739 tamen
478 1675 520 1738 de
534 1673 659 1739 ablatis
674 1674 871 1752 restituens,
889 1674 945 1738 vel
968 1676 1011 1739 de
1034 1674 1161 1759 injuria
1183 1674 1286 1739 satis·

246 1770 375 1838 faciens
404 1774 612 1858 pauperibus
635 1772 773 1840 Christi.
819 1772 996 1839 Steterunt
1023 1782 1137 1839 autem
1169 1772 1286 1838 fideles

247 1871 376 1938 Christi
391 1873 435 1939 ad
456 1875 582 1939 ostium
602 1873 756 1955 capituli,
776 1881 954 1956 sperantes
970 1874 1006 1938 in
1024 1874 1141 1957 aliquo
1160 1873 1283 1938 saltem

246 1973 457 2053 restaurari3
483 1992 570 2057 quos
591 1974 683 2038 visos
708 1975 840 2056 sprevit
862 1981 898 2038 et
921 1974 1119 2056 pertransiit
1143 1992 1286 2056 exspec-

246 2079 372 2151 tantes,
391 2073 527 2139 nescius
546 2073 638 2136 iliius
659 2071 868 2156 propheticae
891 2073 1163 2138 comminationis
1183 2072 1284 2139 ultio·

246 2191 336 2251 nem,
357 2192 461 2255 quam
485 2172 680 2237 reservavit
696 2173 739 2247 ei,
762 2181 990 2256 conquerente
1013 2174 1115 2238 beato
1135 2171 1286 2251 Albano,

245 2271 341 2336 Deus
368 2272 538 2338 ultionum
568 2271 750 2350 Dominus,
777 2271 881 2336 ‘Veh
906 2273 965 2357 qui
992 2272 1170 2357 praedaris,
1202 2271 1284 2355 quia

244 2371 476 2455 praedaberis)
527 2370 628 2451 Quod
650 2372 686 2435 in
706 2371 772 2435 fine
793 2371 912 2437 didicit
928 2372 1173 2457 experimento,
1194 2371 1285 2438 sicut

243 2490 390 2554 sequens
403 2471 547 2538 historia
562 2471 752 2537 luculenter
767 2471 963 2537 declarabit

190 2595 247 2633 m.
281 2595 335 2634 111.

193 2660 246 2734 12,
289 2661 340 2735 10,
355 2658 510 2723 mathat
587 2657 821 2723 labefactavit.

191 2784 537 2869 —14,reqce....
586 2780 703 2846 derum

352 2892 516 2947 aetermam

192 3007 246 3085 14,
305 3008 336 3083 l,
350 3027 523 3093 mepoamm
585 3005 755 3089 suspensi.

189 3172 241 3185 -
286 3132 337 3208 10,
354 3122 538 3196 redduco·
585 3137 769 3196 coronatus
785 3135 850 3195 est.

353 3240 480 3295 ronam

188 3394 241 3408 -
286 3355 337 3431 13,
352 3352 504 3519 meo
584 3352 717 3436 lignum
730 3352 837 3417 trabis
854 3371 898 3417 ex
914 3351 1060 3418 adverso
1075 3350 1227 3417 alterius.

187 3618 241 3631 -
284 3580 335 3656 15,
351 3578 450 3643 molto
583 3573 722 3660 plurimi
738 3575 905 3642 homines.

350 3678 455 3743 millio

185 3834 238 3848 -
281 3795 333 3871 30,
351 3794 416 3859 vira·
580 3790 669 3856 decet.

187 3920 240 3996 15,
280 3920 331 3995 13,
345 3917 467 3984 militia
581 3915 669 3980 decet.

184 4076 238 4090 —
281 4042 332 4118 25,
350 4039 422 4105 diro
581 4039 675 4104 addit
690 4038 814 4118 Paris,
829 4046 865 4104 et
879 4037 1087 4120 excogitato.

184 4205 237 4219 -
281 4160 333 4242 27,
348 4164 436 4251 casira
443 4162 536 4230 oddae
582 4183 660 4249 quae
684 4164 789 4247 paulo
809 4172 890 4229 aute
907 4163 1083 4229 Ludovioo
1102 4163 1276 4232 satisfece-

341 4263 536 4351 ..ropr'cboot
604 4271 672 4342 rat,
693 4265 891 4347 praedonum
915 4282 1037 4327 manus
1062 4263 1123 4327 vix
1142 4266 1272 4344 evasit3

604 4364 665 4430 sed
682 4383 757 4429 eam
775 4384 920 4430 vacuam
935 4362 1027 4428 omni
1043 4382 1168 4446 genere
1186 4364 1276 4430 ciba-

604 4465 730 4530 riorum
763 4471 799 4529 et
830 4464 1031 4549 poculorum
1064 4461 1276 4550 dimiserunt,

603 4583 706 4648 quam
731 4565 834 4651 'omni
866 4563 1110 4629 redundantem
1139 4564 1278 4637 invene-

603 4672 694 4730 runt.
