3334 5734
394 748 461 815 299
763 768 963 818 nnemouus
986 769 1117 819 vinis.

448 955 505 1016 tus
530 968 593 1015 rex
614 947 752 1033 Angliae
778 950 953 1017 Henricns
979 950 1151 1036 quoddam
1178 950 1292 1017 nobile
1318 949 1487 1033 hospitale

450 1048 596 1115 Oxoniis
624 1050 814 1127 constituit,
845 1072 914 1117 non
944 1053 1062 1135 procui
1094 1070 1116 1115 a
1146 1059 1264 1135 ponte,
1295 1058 1337 1115 ut
1365 1049 1490 1114 ibidem

450 1148 574 1213 infirmi
587 1156 622 1214 et
638 1151 810 1232 peregrini
831 1171 905 1217 sum
928 1151 1112 1216 remedium
1130 1152 1321 1236 reciperent
1333 1148 1492 1215 sanitatis

451 1255 487 1313 et
502 1248 730 1314 necessitatis.

412 1372 470 1409 m.
493 1371 546 1409 tut.

402 1435 475 1512 289,
491 1436 545 1508 21,
561 1431 740 1498 nwrteiidss
795 1434 888 1500 addit
905 1435 1030 1513 Paris„
1046 1436 1138 1520 quod
1152 1436 1433 1502 comminabatur.

401 1600 452 1612 -
495 1559 547 1636 33,
560 1557 749 1622 mutuom..
797 1560 1038 1642 elangentibus
1054 1571 1282 1645 erumpentes.

565 1656 712 1721 omissus

400 1822 450 1835 -
494 1779 752 1865 31,Ρναηιιιπίίοσ
798 1785 1021 1869 praemunitos
1036 1784 1247 1850 invadentes.

403 1906 477 1981 290,
519 1906 549 1981 1,
565 1901 723 1989 infligam
799 1911 916 1993 fugam
933 1910 1018 1974 inire
1035 1909 1256 1992 repentinam.

400 2064 452 2077 -
515 2031 546 2104 8,
564 2026 745 2105 meddam,
799 2041 967 2118 egentem.
1020 2032 1087 2098 His
1103 2034 1154 2098 ita
1170 2033 1288 2117 gestis.

572 2135 600 2190 st
614 2127 660 2190 sio

400 2294 451 2308 -
496 2255 547 2330 10,
565 2252 675 2338 recepit
798 2258 928 2341 recepit
943 2256 1129 2341 municipia
1142 2255 1370 2322 laetabundus.

401 2417 452 2431 -
495 2377 546 2455 16,
563 2384 592 2440 st
799 2379 993 2447 cnmnbiae.

400 2535 451 2550 -
495 2502 546 2577 18,
562 2499 598 2564 io
611 2498 741 2564 dabatis
797 2504 833 2569 in
848 2504 1054 2583 humeribus,
1071 2504 1213 2570 caballis
1226 2502 1492 2589 qnoqueinsta·

567 2620 750 2664 ...coame-
819 2604 921 2682 bulis,
953 2624 1085 2670 necnon
1117 2606 1278 2689 gregibus
1306 2604 1344 2668 in
1372 2602 1491 2680 caulis,

563 2707 692 2764 moneat
821 2704 977 2769 incendio
993 2704 1216 2771 tradiderunt.

403 2864 454 2876 —
498 2829 549 2905 29,
565 2826 619 2891 isti
799 2827 1050 2911 praenominati.

405 2954 480 3027 291,
519 2953 551 3028 2,
567 2959 701 3015 cremato
800 2959 1072 3019 concremarunt.

405 3115 456 3129 -
519 3113 547 3128 -
571 3072 724 3140 radicitus
801 3084 838 3143 et
860 3076 890 3141 si
913 3095 982 3160 qua
1000 3083 1081 3141 sunt
1097 3076 1233 3155 similia,
1255 3075 1420 3141 radicitus
1436 3093 1492 3140 ex·

566 3172 737 3258 eostirpatu
823 3177 1019 3259 stirpantes.

407 3339 457 3350 -
502 3299 553 3368 11.
570 3298 734 3461 m
801 3301 838 3365 in
856 3308 954 3385 parte
967 3299 1095 3365 faviilae
1111 3298 1336 3366 tradiderunt.

407 3523 481 3599 292,
520 3523 550 3597 t,
559 3521 651 3604 filios
666 3522 730 3607 ejus
801 3524 893 3588 filius
909 3524 985 3609 ejus
1001 3532 1062 3589 aut
1078 3523 1364 3607 consanguineus.

407 3648 483 3721 293,
501 3648 552 3722 18,
567 3643 726 3712 Hibernia
805 3648 1064 3715 Hibernienses.

563 3766 706 3831 proceres

407 3908 458 3922 -
501 3867 554 3947 26,
568 3868 732 3954 sepedicti
803 3866 896 3933 addit
936 3866 1059 3947 Paris,
1097 3868 1259 3934 violentia
1299 3868 1497 3952 proditiosa,

827 3968 991 4052 subrepto
1014 3967 1128 4052 sigillo
1154 3969 1249 4051 regio
1270 3968 1315 4032 ab
1336 3968 1498 4050 Hugone,

827 4066 1034 4134 cicestrensi
1058 4068 1231 4151 episcopo,
1258 4074 1342 4133 tune
1366 4068 1497 4133 cancel·

826 4165 926 4246 lario,
940 4188 1010 4233 non
1031 4166 1111 4232 huic
1127 4168 1238 4232 fraudi
1254 4168 1496 4233 consentiente.

408 4330 459 4342 -
502 4290 555 4366 31,
570 4289 719 4375 scriptam
804 4292 967 4374 scriptum
983 4292 1098 4375 sigiilo
1112 4293 1208 4375 regio
1224 4292 1475 4357 communitum.
1580 4373 1582 4376 Ι

408 4413 483 4490 294,
520 4416 552 4490 4,
568 4413 742 4481 diciorum
803 4415 1008 4495 dividentes,
1029 4424 1069 4482 ut
1083 4417 1210 4483 talibus
1229 4416 1351 4482 saltem
1368 4414 1496 4501 injuriis

825 4526 1031 4600 provocatus
1059 4537 1101 4583 ac
1120 4517 1302 4582 lacessitus
1320 4517 1357 4582 in
1374 4515 1497 4581 Hiber·

826 4616 918 4681 niam
936 4617 1185 4683 transfretaret.
