3334 5734
558 782 755 833 mostubus
778 786 909 835 VARIAE·

199 910 259 948 PAO.
280 909 331 948 HN·

189 974 268 1051 355,
282 974 336 1050 32,
354 968 508 1038 Sulttoode
572 968 761 1038 Saltiunde.

189 1105 538 1184 maledomim
574 1100 815 1166 oxoniensem.

188 1276 242 1291 -
285 1232 338 1313 37,
351 1234 448 1301 oeulis
574 1232 738 1298 ecclesiis.

190 1368 268 1445 360,
299 1366 539 1451 aqotomua
572 1358 1280 1429 dom.-1nthec.c.0.c.Ms.thuinses

355 1474 503 1531 saeorum
513 1514 538 1532 ..
612 1462 697 1539 tion,
712 1481 751 1526 as
768 1461 827 1526 tbe
841 1460 969 1536 others,
983 1462 1012 1526 is
1022 1462 1157 1527 written
1166 1481 1212 1526 on
1222 1461 1281 1525 the

357 1564 505 1631 celebrere
611 1562 745 1644 margin
757 1559 909 1625 inPuris’
921 1580 999 1626 own
1009 1559 1281 1639 baudz‘Quibue

610 1680 687 1725 cum
707 1660 987 1726 comminationes
1003 1660 1282 1745 multiplicarent,

612 1760 885 1842 obtemperavit3
907 1759 1057 1824 nondum
1076 1760 1165 1824 enim
1188 1759 1282 1824 venit

610 1860 696 1924 hora
720 1859 804 1944 ejus.
858 1858 993 1925 Moram
1022 1859 1127 1942 igitur
1154 1858 1282 1924 iaciens

610 1959 742 2042 aliquot
754 1958 875 2023 diebus
893 1957 983 2041 apud
1001 1957 1148 2023 Harwes
1164 1977 1280 2023 mane·

610 2060 697 2123 rium
721 2078 834 2135 suum,
856 2057 945 2141 quod
960 2058 1106 2122 distata
1126 2058 1282 2123 coenobio

610 2159 702 2223 beati
724 2157 853 2223 Albani
874 2156 1011 2223 circiter
1030 2166 1160 2240 septem
1182 2156 1283 2221 milli-

610 2258 739 2334 aribus,
755 2256 802 2321 ibi
821 2256 982 2340 pausavit
1001 2256 1129 2321 iaciens
1145 2256 1281 2321 festum.

612 2355 643 2420 Ο
668 2355 848 2440 sapientie,
867 2375 930 2420 neo
952 2355 1057 2421 ullam
1073 2355 1193 2421 faciem
1211 2364 1283 2421 tur-

611 2455 725 2521 bidam
757 2455 906 2520 ostendit
935 2454 1009 2539 ipse
1037 2454 1168 2523 athleta
1188 2455 1281 2520 Dei!

614 2554 679 2621 Cui
700 2574 778 2621 oum
809 2555 916 2619 abbas
948 2556 1059 2621 saneti
1088 2553 1217 2620 Albani
1245 2554 1283 2619 in

613 2655 796 2721 esculentis
821 2661 858 2720 et
873 2654 1066 2739 poculentis
1087 2654 1200 2719 nobile
1221 2655 1284 2719 mi-

612 2756 714 2819 sisset
734 2754 885 2832 xenium,
904 2754 1094 2835 regratians
1114 2754 1281 2838 arehiepi-

613 2872 739 2937 scopus
770 2852 862 2918 dixit
890 2853 976 2917 sutis
1005 2852 1162 2932 uiriliter,
1190 2852 1283 2919 ‘Ao-

614 2953 704 3036 cipio
718 2953 794 3038 ejus
810 2951 1023 3036 praesentius,
1040 2951 1073 3016 id
1090 2960 1144 3018 est
1160 2952 1282 3034 xenia3

615 3051 751 3116 mallem
782 3059 897 3116 tamen
925 3051 1166 3133 praesentiam!
1217 3051 1284 3117 Oui

615 3152 771 3216 minister
784 3150 871 3236 ejus,
888 3148 1064 3227 ‘Domina
1083 3169 1161 3217 ecce
1177 3170 1284 3235 eppa·

616 3258 669 3315 ret
682 3250 820 3315 veniens
836 3250 872 3313 in
888 3249 1039 3314 loribus!
1089 3248 1155 3315 Cui
1168 3269 1285 3316 occur·

617 3351 662 3415 rit
671 3350 947 3433 archiepiscopus
961 3367 1069 3432 usque
1085 3351 1129 3414 ad
1146 3351 1283 3417 ostium.

617 3448 727 3516 Venit
754 3448 843 3514 enim
874 3449 986 3513 dictus
1017 3449 1134 3527 abbas,
1167 3448 1285 3516 Simon

616 3547 762 3626 nomine,
790 3555 826 3613 et
855 3555 993 3630 recepto
1024 3568 1066 3613 eo
1098 3549 1134 3613 in
1167 3549 1286 3616 osculo

617 3649 810 3713 habueruut
842 3647 968 3712 multas
998 3646 1056 3712 diu
1088 3648 1286 3715 confabula-

617 3747 738 3814 tiones.
788 3746 921 3811 Deinde
942 3747 1042 3828 petiit
1062 3749 1287 3832 archiepisco-

615 3866 680 3929 pus
691 3847 861 3925 abbatem,
874 3852 914 3910 ut
922 3845 988 3910 iret
999 3847 1043 3910 ad
1054 3845 1287 3913 Woodstocke

615 3946 659 4011 ad
684 3946 846 4031 juvenem
871 3964 998 4027 regem,
1023 3945 1286 4030 admoneretque

616 4044 784 4123 dulcibus,
795 4044 919 4130 quibus
931 4044 1163 4110 abundaverat
1177 4044 1286 4111 effica-

616 4145 725 4223 cibus,
744 4143 967 4220 sermonibus,
989 4151 1029 4208 ut
1043 4144 1187 4225 rigorem
1206 4164 1287 4210 oen·

616 4251 752 4327 ceptum
760 4245 893 4310 leniret.
924 4241 1171 4326 Obtemperans
1182 4244 1288 4327 igitur

617 4343 724 4409 abbas
741 4345 853 4427 ipsum
870 4342 956 4406 adiit
971 4341 1191 4423 festinantem
1217 4343 1286 4424 sed,

617 4462 695 4506 cum
715 4442 799 4507 nibil
820 4442 886 4507 nisi
912 4443 1105 4525 superbiam
1126 4451 1162 4509 et
1177 4443 1288 4527 indig-

616 4543 789 4608 nationem
824 4542 1002 4620 inveniret,
1034 4542 1133 4608 rediit
1162 4545 1288 4610 infecto
