<?xml version="1.0" encoding="UTF-8"?>
<!DOCTYPE html PUBLIC "-//W3C//DTD XHTML 1.0 Transitional//EN"
    "http://www.w3.org/TR/xhtml1/DTD/xhtml1-transitional.dtd">
<html xmlns="http://www.w3.org/1999/xhtml" xml:lang="en" lang="en">
 <head>
  <title>
</title>
<meta http-equiv="Content-Type" content="text/html;charset=utf-8" />
  <meta name='ocr-system' content='tesseract 3.04.00' />
  <meta name='ocr-capabilities' content='ocr_page ocr_carea ocr_par ocr_line ocrx_word'/>
</head>
<body>
  <div class='ocr_page' id='page_1' title='image "appendixadroger01parigoog_0208.png"; bbox 0 0 3334 5734; ppageno 0'>
   <div class='ocr_carea' id='block_1_1' title="bbox 384 764 1104 831">
    <p class='ocr_par' dir='ltr' id='par_1_1' title="bbox 384 764 1104 831">
     <span class='ocr_line' id='line_1_1' title="bbox 384 764 1104 831; baseline -0.001 0"><span class='ocrx_word' id='word_1_1' title='bbox 384 764 449 831; x_wconf 83' lang='lat' dir='ltr'>les</span> <span class='ocrx_word' id='word_1_2' title='bbox 751 779 948 829; x_wconf 72' lang='lat' dir='ltr'>anemonas</span> <span class='ocrx_word' id='word_1_3' title='bbox 972 779 1104 830; x_wconf 64' lang='lat' dir='ltr'>suarm.</span> 
     </span>
    </p>
   </div>
   <div class='ocr_carea' id='block_1_2' title="bbox 384 959 1475 2321">
    <p class='ocr_par' dir='ltr' id='par_1_2' title="bbox 384 959 1475 2321">
     <span class='ocr_line' id='line_1_2' title="bbox 385 959 1468 1047; baseline -0.003 -20"><span class='ocrx_word' id='word_1_4' title='bbox 385 963 475 1027; x_wconf 90' lang='lat' dir='ltr'>bella</span> <span class='ocrx_word' id='word_1_5' title='bbox 492 963 605 1046; x_wconf 90' lang='lat' dir='ltr'>potins</span> <span class='ocrx_word' id='word_1_6' title='bbox 622 982 724 1047; x_wconf 88' lang='lat' dir='ltr'>quam</span> <span class='ocrx_word' id='word_1_7' title='bbox 743 981 860 1045; x_wconf 87' lang='lat' dir='ltr'>pacem</span> <span class='ocrx_word' id='word_1_8' title='bbox 879 959 1072 1038; x_wconf 87' lang='lat' dir='ltr'>voluerunt,</span> <span class='ocrx_word' id='word_1_9' title='bbox 1089 959 1192 1042; x_wconf 85' lang='lat' dir='ltr'>regiis</span> <span class='ocrx_word' id='word_1_10' title='bbox 1213 959 1356 1024; x_wconf 87' lang='lat' dir='ltr'>auribus</span> <span class='ocrx_word' id='word_1_11' title='bbox 1370 961 1468 1025; x_wconf 80' lang='lat' dir='ltr'>verbu</span> 
     </span>
     <span class='ocr_line' id='line_1_3' title="bbox 386 1059 1469 1142; baseline -0.003 -17"><span class='ocrx_word' id='word_1_12' title='bbox 386 1061 564 1127; x_wconf 80' lang='lat' dir='ltr'>discordiae</span> <span class='ocrx_word' id='word_1_13' title='bbox 579 1062 788 1127; x_wconf 85' lang='lat' dir='ltr'>susurrando</span> <span class='ocrx_word' id='word_1_14' title='bbox 807 1060 1030 1125; x_wconf 76' lang='lat' dir='ltr'><strong>instillarunt.</strong></span> <span class='ocrx_word' id='word_1_15' title='bbox 1074 1059 1249 1124; x_wconf 85' lang='lat' dir='ltr'>Dixerunt</span> <span class='ocrx_word' id='word_1_16' title='bbox 1263 1061 1355 1124; x_wconf 86' lang='lat' dir='ltr'>enirn</span> <span class='ocrx_word' id='word_1_17' title='bbox 1371 1079 1469 1142; x_wconf 92' lang='lat' dir='ltr'>grnu·</span> 
     </span>
     <span class='ocr_line' id='line_1_4' title="bbox 386 1159 1471 1244; baseline 0 -20"><span class='ocrx_word' id='word_1_18' title='bbox 386 1161 509 1227; x_wconf 86' lang='lat' dir='ltr'>niondo</span> <span class='ocrx_word' id='word_1_19' title='bbox 536 1169 572 1227; x_wconf 90' lang='lat' dir='ltr'>et</span> <span class='ocrx_word' id='word_1_20' title='bbox 594 1161 820 1228; x_wconf 79' lang='lat' dir='ltr'>derisionibus</span> <span class='ocrx_word' id='word_1_21' title='bbox 837 1159 1073 1244; x_wconf 85' lang='lat' dir='ltr'>multiplicatis</span> <span class='ocrx_word' id='word_1_22' title='bbox 1094 1159 1350 1236; x_wconf 76' lang='lat' dir='ltr'><strong>subsannando,</strong></span> <span class='ocrx_word' id='word_1_23' title='bbox 1365 1159 1471 1224; x_wconf 84' lang='lat' dir='ltr'>‘Ecce</span> 
     </span>
     <span class='ocr_line' id='line_1_5' title="bbox 388 1258 1471 1344; baseline 0 -20"><span class='ocrx_word' id='word_1_24' title='bbox 388 1261 572 1342; x_wconf 78' lang='lat' dir='ltr'>vigesimus</span> <span class='ocrx_word' id='word_1_25' title='bbox 588 1262 728 1344; x_wconf 91' lang='lat' dir='ltr'>quintus</span> <span class='ocrx_word' id='word_1_26' title='bbox 741 1281 803 1326; x_wconf 83' lang='lat' dir='ltr'>rex</span> <span class='ocrx_word' id='word_1_27' title='bbox 821 1262 856 1324; x_wconf 93' lang='lat' dir='ltr'>in</span> <span class='ocrx_word' id='word_1_28' title='bbox 874 1258 1026 1341; x_wconf 80' lang='lat' dir='ltr'>Anglia3</span> <span class='ocrx_word' id='word_1_29' title='bbox 1049 1278 1128 1324; x_wconf 89' lang='lat' dir='ltr'>ecee</span> <span class='ocrx_word' id='word_1_30' title='bbox 1145 1258 1220 1343; x_wconf 85' lang='lat' dir='ltr'>jam</span> <span class='ocrx_word' id='word_1_31' title='bbox 1235 1278 1305 1323; x_wconf 94' lang='lat' dir='ltr'>non</span> <span class='ocrx_word' id='word_1_32' title='bbox 1320 1277 1396 1336; x_wconf 84' lang='lat' dir='ltr'>rex,</span> <span class='ocrx_word' id='word_1_33' title='bbox 1411 1278 1471 1325; x_wconf 87' lang='lat' dir='ltr'>nec</span> 
     </span>
     <span class='ocr_line' id='line_1_6' title="bbox 386 1357 1471 1443; baseline -0.001 -18"><span class='ocrx_word' id='word_1_34' title='bbox 386 1362 488 1425; x_wconf 89' lang='lat' dir='ltr'>etiam</span> <span class='ocrx_word' id='word_1_35' title='bbox 514 1361 666 1443; x_wconf 85' lang='lat' dir='ltr'>regulus,</span> <span class='ocrx_word' id='word_1_36' title='bbox 694 1360 754 1425; x_wconf 88' lang='lat' dir='ltr'>sed</span> <span class='ocrx_word' id='word_1_37' title='bbox 785 1379 905 1442; x_wconf 86' lang='lat' dir='ltr'>regum</span> <span class='ocrx_word' id='word_1_38' title='bbox 935 1359 1180 1442; x_wconf 70' lang='lat' dir='ltr'>opprobrium</span> <span class='ocrx_word' id='word_1_39' title='bbox 1207 1358 1309 1422; x_wconf 84' lang='lat' dir='ltr'>malle</span> <span class='ocrx_word' id='word_1_40' title='bbox 1337 1357 1471 1424; x_wconf 85' lang='lat' dir='ltr'>deberet</span> 
     </span>
     <span class='ocr_line' id='line_1_7' title="bbox 387 1457 1470 1544; baseline -0.001 -22"><span class='ocrx_word' id='word_1_41' title='bbox 387 1479 453 1524; x_wconf 91' lang='lat' dir='ltr'>non</span> <span class='ocrx_word' id='word_1_42' title='bbox 481 1480 556 1537; x_wconf 84' lang='lat' dir='ltr'>rex,</span> <span class='ocrx_word' id='word_1_43' title='bbox 588 1478 690 1544; x_wconf 89' lang='lat' dir='ltr'>qnam</span> <span class='ocrx_word' id='word_1_44' title='bbox 724 1460 774 1524; x_wconf 90' lang='lat' dir='ltr'>sic</span> <span class='ocrx_word' id='word_1_45' title='bbox 802 1479 866 1524; x_wconf 87' lang='lat' dir='ltr'>rex</span> <span class='ocrx_word' id='word_1_46' title='bbox 895 1478 980 1523; x_wconf 89' lang='lat' dir='ltr'>esse.</span> <span class='ocrx_word' id='word_1_47' title='bbox 1042 1457 1132 1523; x_wconf 85' lang='lat' dir='ltr'>Ecce</span> <span class='ocrx_word' id='word_1_48' title='bbox 1164 1477 1226 1522; x_wconf 83' lang='lat' dir='ltr'>rex</span> <span class='ocrx_word' id='word_1_49' title='bbox 1251 1458 1326 1521; x_wconf 88' lang='lat' dir='ltr'>sinc</span> <span class='ocrx_word' id='word_1_50' title='bbox 1356 1477 1470 1540; x_wconf 84' lang='lat' dir='ltr'>regno,</span> 
     </span>
     <span class='ocr_line' id='line_1_8' title="bbox 388 1556 1473 1639; baseline 0 -17"><span class='ocrx_word' id='word_1_51' title='bbox 388 1558 545 1623; x_wconf 89' lang='lat' dir='ltr'>dominns</span> <span class='ocrx_word' id='word_1_52' title='bbox 569 1559 644 1624; x_wconf 89' lang='lat' dir='ltr'>sine</span> <span class='ocrx_word' id='word_1_53' title='bbox 665 1560 833 1638; x_wconf 84' lang='lat' dir='ltr'>domini03</span> <span class='ocrx_word' id='word_1_54' title='bbox 860 1577 938 1624; x_wconf 90' lang='lat' dir='ltr'>ecce</span> <span class='ocrx_word' id='word_1_55' title='bbox 959 1557 1079 1622; x_wconf 86' lang='lat' dir='ltr'>alliens</span> <span class='ocrx_word' id='word_1_56' title='bbox 1107 1559 1208 1622; x_wconf 88' lang='lat' dir='ltr'>nauci</span> <span class='ocrx_word' id='word_1_57' title='bbox 1231 1565 1267 1623; x_wconf 89' lang='lat' dir='ltr'>et</span> <span class='ocrx_word' id='word_1_58' title='bbox 1290 1556 1473 1639; x_wconf 86' lang='lat' dir='ltr'>augularis,</span> 
     </span>
     <span class='ocr_line' id='line_1_9' title="bbox 389 1656 1472 1743; baseline -0.003 -20"><span class='ocrx_word' id='word_1_59' title='bbox 389 1666 466 1723; x_wconf 85' lang='lat' dir='ltr'>rota</span> <span class='ocrx_word' id='word_1_60' title='bbox 492 1659 613 1743; x_wconf 88' lang='lat' dir='ltr'>quinta</span> <span class='ocrx_word' id='word_1_61' title='bbox 639 1660 675 1723; x_wconf 94' lang='lat' dir='ltr'>in</span> <span class='ocrx_word' id='word_1_62' title='bbox 701 1659 867 1743; x_wconf 89' lang='lat' dir='ltr'>plaustro,</span> <span class='ocrx_word' id='word_1_63' title='bbox 898 1677 1017 1740; x_wconf 89' lang='lat' dir='ltr'>regum</span> <span class='ocrx_word' id='word_1_64' title='bbox 1045 1656 1184 1721; x_wconf 91' lang='lat' dir='ltr'>ultimus</span> <span class='ocrx_word' id='word_1_65' title='bbox 1210 1664 1247 1722; x_wconf 85' lang='lat' dir='ltr'>et</span> <span class='ocrx_word' id='word_1_66' title='bbox 1276 1656 1395 1740; x_wconf 91' lang='lat' dir='ltr'>populi</span> <span class='ocrx_word' id='word_1_67' title='bbox 1417 1658 1472 1720; x_wconf 83' lang='lat' dir='ltr'>ab</span> 
     </span>
     <span class='ocr_line' id='line_1_10' title="bbox 384 1755 1473 1842; baseline -0.003 -20"><span class='ocrx_word' id='word_1_68' title='bbox 384 1758 504 1842; x_wconf 80' lang='lat' dir='ltr'>jectio.</span> <span class='ocrx_word' id='word_1_69' title='bbox 556 1758 662 1823; x_wconf 84' lang='lat' dir='ltr'>Heu!</span> <span class='ocrx_word' id='word_1_70' title='bbox 700 1758 862 1823; x_wconf 85' lang='lat' dir='ltr'>miseret</span> <span class='ocrx_word' id='word_1_71' title='bbox 887 1776 1007 1822; x_wconf 87' lang='lat' dir='ltr'>servus</span> <span class='ocrx_word' id='word_1_72' title='bbox 1034 1756 1163 1822; x_wconf 80' lang='lat' dir='ltr'>nltimoe</span> <span class='ocrx_word' id='word_1_73' title='bbox 1188 1755 1406 1832; x_wconf 89' lang='lat' dir='ltr'>conditionis,</span> <span class='ocrx_word' id='word_1_74' title='bbox 1431 1756 1473 1820; x_wconf 92' lang='lat' dir='ltr'>ad</span> 
     </span>
     <span class='ocr_line' id='line_1_11' title="bbox 389 1855 1473 1940; baseline -0.001 -20"><span class='ocrx_word' id='word_1_75' title='bbox 389 1876 491 1940; x_wconf 88' lang='lat' dir='ltr'>quam</span> <span class='ocrx_word' id='word_1_76' title='bbox 525 1858 701 1922; x_wconf 87' lang='lat' dir='ltr'>servitutis</span> <span class='ocrx_word' id='word_1_77' title='bbox 732 1858 904 1922; x_wconf 85' lang='lat' dir='ltr'>miseriam</span> <span class='ocrx_word' id='word_1_78' title='bbox 930 1856 1112 1923; x_wconf 84' lang='lat' dir='ltr'>devolutus</span> <span class='ocrx_word' id='word_1_79' title='bbox 1142 1857 1208 1920; x_wconf 83' lang='lat' dir='ltr'>esi</span> <span class='ocrx_word' id='word_1_80' title='bbox 1261 1855 1375 1920; x_wconf 84' lang='lat' dir='ltr'>Fuisti</span> <span class='ocrx_word' id='word_1_81' title='bbox 1402 1875 1473 1934; x_wconf 83' lang='lat' dir='ltr'>rex,</span> 
     </span>
     <span class='ocr_line' id='line_1_12' title="bbox 391 1953 1473 2036; baseline -0.001 -17"><span class='ocrx_word' id='word_1_82' title='bbox 391 1976 481 2021; x_wconf 90' lang='lat' dir='ltr'>nunc</span> <span class='ocrx_word' id='word_1_83' title='bbox 507 1956 597 2036; x_wconf 82' lang='lat' dir='ltr'>ssex;</span> <span class='ocrx_word' id='word_1_84' title='bbox 627 1957 721 2022; x_wconf 85' lang='lat' dir='ltr'>luisti</span> <span class='ocrx_word' id='word_1_85' title='bbox 749 1958 932 2034; x_wconf 81' lang='lat' dir='ltr'>maximus,</span> <span class='ocrx_word' id='word_1_86' title='bbox 956 1975 1047 2021; x_wconf 92' lang='lat' dir='ltr'>nnnc</span> <span class='ocrx_word' id='word_1_87' title='bbox 1069 1956 1239 2020; x_wconf 88' lang='lat' dir='ltr'>minimus.</span> <span class='ocrx_word' id='word_1_88' title='bbox 1302 1953 1401 2019; x_wconf 87' lang='lat' dir='ltr'>Nihil</span> <span class='ocrx_word' id='word_1_89' title='bbox 1428 1956 1473 2019; x_wconf 91' lang='lat' dir='ltr'>in-</span> 
     </span>
     <span class='ocr_line' id='line_1_13' title="bbox 389 2055 1474 2141; baseline -0.001 -21"><span class='ocrx_word' id='word_1_90' title='bbox 389 2055 535 2120; x_wconf 86' lang='lat' dir='ltr'>soelicins</span> <span class='ocrx_word' id='word_1_91' title='bbox 550 2076 653 2141; x_wconf 89' lang='lat' dir='ltr'>qnam</span> <span class='ocrx_word' id='word_1_92' title='bbox 668 2056 957 2122; x_wconf 82' lang='lat' dir='ltr'>fnissel&#39;oelieem.&#39;</span> <span class='ocrx_word' id='word_1_93' title='bbox 1007 2055 1054 2121; x_wconf 92' lang='lat' dir='ltr'>Et</span> <span class='ocrx_word' id='word_1_94' title='bbox 1065 2055 1115 2120; x_wconf 88' lang='lat' dir='ltr'>sie</span> <span class='ocrx_word' id='word_1_95' title='bbox 1131 2056 1217 2119; x_wconf 88' lang='lat' dir='ltr'>iram</span> <span class='ocrx_word' id='word_1_96' title='bbox 1239 2063 1474 2137; x_wconf 83' lang='lat' dir='ltr'>provocantes,</span> 
     </span>
     <span class='ocr_line' id='line_1_14' title="bbox 394 2153 1475 2239; baseline 0.001 -20"><span class='ocrx_word' id='word_1_97' title='bbox 394 2156 550 2221; x_wconf 88' lang='lat' dir='ltr'>addendo</span> <span class='ocrx_word' id='word_1_98' title='bbox 581 2156 751 2221; x_wconf 89' lang='lat' dir='ltr'>flammam</span> <span class='ocrx_word' id='word_1_99' title='bbox 781 2163 896 2234; x_wconf 89' lang='lat' dir='ltr'>vento,</span> <span class='ocrx_word' id='word_1_100' title='bbox 926 2157 970 2221; x_wconf 91' lang='lat' dir='ltr'>ab</span> <span class='ocrx_word' id='word_1_101' title='bbox 997 2155 1079 2238; x_wconf 92' lang='lat' dir='ltr'>igne</span> <span class='ocrx_word' id='word_1_102' title='bbox 1100 2153 1285 2239; x_wconf 89' lang='lat' dir='ltr'>sulphureo</span> <span class='ocrx_word' id='word_1_103' title='bbox 1312 2154 1475 2220; x_wconf 79' lang='lat' dir='ltr'>scintilns</span> 
     </span>
     <span class='ocr_line' id='line_1_15' title="bbox 390 2255 596 2321; baseline 0.01 -2"><span class='ocrx_word' id='word_1_104' title='bbox 390 2255 596 2321; x_wconf 79' lang='lat' dir='ltr'>excitarunt</span> 
     </span>
    </p>
   </div>
   <div class='ocr_carea' id='block_1_3' title="bbox 760 2388 1107 2476">
    <p class='ocr_par' dir='ltr' id='par_1_3' title="bbox 760 2388 1107 2476">
     <span class='ocr_line' id='line_1_16' title="bbox 760 2388 1107 2476; baseline -0.006 -22"><span class='ocrx_word' id='word_1_105' title='bbox 760 2389 890 2455; x_wconf 62' lang='lat' dir='ltr'>Avario</span> <span class='ocrx_word' id='word_1_106' title='bbox 904 2388 1005 2455; x_wconf 76' lang='lat' dir='ltr'>cordis</span> <span class='ocrx_word' id='word_1_107' title='bbox 1019 2388 1107 2476; x_wconf 70' lang='lat' dir='ltr'>repis.</span> 
     </span>
    </p>
   </div>
   <div class='ocr_carea' id='block_1_4' title="bbox 392 2553 1484 4627">
    <p class='ocr_par' dir='ltr' id='par_1_4' title="bbox 392 2553 1484 4627">
     <span class='ocr_line' id='line_1_17' title="bbox 440 2553 1476 2639; baseline 0.001 -20"><span class='ocrx_word' id='word_1_108' title='bbox 440 2554 538 2620; x_wconf 87' lang='lat' dir='ltr'>Tunc</span> <span class='ocrx_word' id='word_1_109' title='bbox 557 2573 619 2619; x_wconf 86' lang='lat' dir='ltr'>rex</span> <span class='ocrx_word' id='word_1_110' title='bbox 641 2554 742 2620; x_wconf 90' lang='lat' dir='ltr'>nimis</span> <span class='ocrx_word' id='word_1_111' title='bbox 757 2555 917 2621; x_wconf 90' lang='lat' dir='ltr'>credulus</span> <span class='ocrx_word' id='word_1_112' title='bbox 940 2555 1088 2620; x_wconf 87' lang='lat' dir='ltr'>susurris</span> <span class='ocrx_word' id='word_1_113' title='bbox 1104 2553 1384 2620; x_wconf 86' lang='lat' dir='ltr'>abominabilium</span> <span class='ocrx_word' id='word_1_114' title='bbox 1399 2575 1476 2639; x_wconf 89' lang='lat' dir='ltr'>rup-</span> 
     </span>
     <span class='ocr_line' id='line_1_18' title="bbox 392 2655 1477 2739; baseline 0.001 -21"><span class='ocrx_word' id='word_1_115' title='bbox 392 2655 570 2732; x_wconf 85' lang='lat' dir='ltr'>tariorum,</span> <span class='ocrx_word' id='word_1_116' title='bbox 596 2674 682 2738; x_wconf 88' lang='lat' dir='ltr'>qnos</span> <span class='ocrx_word' id='word_1_117' title='bbox 707 2674 751 2720; x_wconf 83' lang='lat' dir='ltr'>ex</span> <span class='ocrx_word' id='word_1_118' title='bbox 774 2655 1020 2721; x_wconf 88' lang='lat' dir='ltr'>consuetudine</span> <span class='ocrx_word' id='word_1_119' title='bbox 1042 2655 1080 2720; x_wconf 92' lang='lat' dir='ltr'>in</span> <span class='ocrx_word' id='word_1_120' title='bbox 1101 2656 1274 2739; x_wconf 83' lang='lat' dir='ltr'>propriam</span> <span class='ocrx_word' id='word_1_121' title='bbox 1296 2656 1477 2738; x_wconf 86' lang='lat' dir='ltr'>perniciem</span> 
     </span>
     <span class='ocr_line' id='line_1_19' title="bbox 393 2753 1477 2839; baseline 0.001 -21"><span class='ocrx_word' id='word_1_122' title='bbox 393 2754 492 2819; x_wconf 89' lang='lat' dir='ltr'>nimis</span> <span class='ocrx_word' id='word_1_123' title='bbox 506 2754 663 2833; x_wconf 83' lang='lat' dir='ltr'>libenter,</span> <span class='ocrx_word' id='word_1_124' title='bbox 685 2754 830 2839; x_wconf 83' lang='lat' dir='ltr'>abjectis</span> <span class='ocrx_word' id='word_1_125' title='bbox 846 2755 1059 2820; x_wconf 88' lang='lat' dir='ltr'>naturalibus</span> <span class='ocrx_word' id='word_1_126' title='bbox 1076 2754 1149 2820; x_wconf 90' lang='lat' dir='ltr'>suis</span> <span class='ocrx_word' id='word_1_127' title='bbox 1169 2753 1376 2833; x_wconf 88' lang='lat' dir='ltr'>bominibus,</span> <span class='ocrx_word' id='word_1_128' title='bbox 1397 2754 1477 2819; x_wconf 90' lang='lat' dir='ltr'>edn-</span> 
     </span>
     <span class='ocr_line' id='line_1_20' title="bbox 393 2854 1477 2940; baseline -0.001 -21"><span class='ocrx_word' id='word_1_129' title='bbox 393 2861 544 2931; x_wconf 84' lang='lat' dir='ltr'>caverat‚</span> <span class='ocrx_word' id='word_1_130' title='bbox 566 2855 717 2919; x_wconf 89' lang='lat' dir='ltr'>animum</span> <span class='ocrx_word' id='word_1_131' title='bbox 738 2854 964 2920; x_wconf 85' lang='lat' dir='ltr'>summutavit</span> <span class='ocrx_word' id='word_1_132' title='bbox 986 2862 1021 2920; x_wconf 87' lang='lat' dir='ltr'>et</span> <span class='ocrx_word' id='word_1_133' title='bbox 1039 2874 1099 2919; x_wconf 90' lang='lat' dir='ltr'>cor</span> <span class='ocrx_word' id='word_1_134' title='bbox 1117 2854 1192 2940; x_wconf 89' lang='lat' dir='ltr'>ejus</span> <span class='ocrx_word' id='word_1_135' title='bbox 1216 2854 1376 2938; x_wconf 87' lang='lat' dir='ltr'>possimis</span> <span class='ocrx_word' id='word_1_136' title='bbox 1400 2874 1477 2920; x_wconf 90' lang='lat' dir='ltr'>con·</span> 
     </span>
     <span class='ocr_line' id='line_1_21' title="bbox 392 2953 1478 3034; baseline 0 -15"><span class='ocrx_word' id='word_1_137' title='bbox 392 2954 478 3019; x_wconf 89' lang='lat' dir='ltr'>siliis</span> <span class='ocrx_word' id='word_1_138' title='bbox 501 2953 700 3034; x_wconf 81' lang='lat' dir='ltr'>inclinavit3</span> <span class='ocrx_word' id='word_1_139' title='bbox 728 2953 805 3019; x_wconf 88' lang='lat' dir='ltr'>leve</span> <span class='ocrx_word' id='word_1_140' title='bbox 835 2962 889 3019; x_wconf 85' lang='lat' dir='ltr'>est</span> <span class='ocrx_word' id='word_1_141' title='bbox 913 2954 1003 3019; x_wconf 91' lang='lat' dir='ltr'>enim</span> <span class='ocrx_word' id='word_1_142' title='bbox 1028 2953 1251 3019; x_wconf 89' lang='lat' dir='ltr'>fluctuantem</span> <span class='ocrx_word' id='word_1_143' title='bbox 1273 2973 1424 3032; x_wconf 87' lang='lat' dir='ltr'>movere,</span> <span class='ocrx_word' id='word_1_144' title='bbox 1443 2961 1478 3018; x_wconf 89' lang='lat' dir='ltr'>et</span> 
     </span>
     <span class='ocr_line' id='line_1_22' title="bbox 392 3052 1480 3138; baseline -0.001 -18"><span class='ocrx_word' id='word_1_145' title='bbox 392 3054 581 3138; x_wconf 87' lang='lat' dir='ltr'>proclivum</span> <span class='ocrx_word' id='word_1_146' title='bbox 607 3054 651 3120; x_wconf 86' lang='lat' dir='ltr'>ad</span> <span class='ocrx_word' id='word_1_147' title='bbox 678 3052 781 3132; x_wconf 90' lang='lat' dir='ltr'>mala,</span> <span class='ocrx_word' id='word_1_148' title='bbox 806 3053 851 3118; x_wconf 89' lang='lat' dir='ltr'>ad</span> <span class='ocrx_word' id='word_1_149' title='bbox 872 3053 1007 3137; x_wconf 85' lang='lat' dir='ltr'>flagitia</span> <span class='ocrx_word' id='word_1_150' title='bbox 1028 3053 1252 3138; x_wconf 82' lang='lat' dir='ltr'>praecipitare.</span> <span class='ocrx_word' id='word_1_151' title='bbox 1302 3053 1404 3119; x_wconf 89' lang='lat' dir='ltr'>Tunc</span> <span class='ocrx_word' id='word_1_152' title='bbox 1419 3073 1480 3119; x_wconf 85' lang='lat' dir='ltr'>rex</span> 
     </span>
     <span class='ocr_line' id='line_1_23' title="bbox 394 3152 1481 3237; baseline 0 -19"><span class='ocrx_word' id='word_1_153' title='bbox 394 3155 439 3218; x_wconf 92' lang='lat' dir='ltr'>ab</span> <span class='ocrx_word' id='word_1_154' title='bbox 452 3154 524 3218; x_wconf 90' lang='lat' dir='ltr'>alto</span> <span class='ocrx_word' id='word_1_155' title='bbox 545 3153 674 3220; x_wconf 92' lang='lat' dir='ltr'>ducens</span> <span class='ocrx_word' id='word_1_156' title='bbox 695 3153 854 3237; x_wconf 88' lang='lat' dir='ltr'>suspiria,</span> <span class='ocrx_word' id='word_1_157' title='bbox 880 3161 1048 3237; x_wconf 88' lang='lat' dir='ltr'>concepta</span> <span class='ocrx_word' id='word_1_158' title='bbox 1069 3152 1302 3236; x_wconf 79' lang='lat' dir='ltr'>indignatione</span> <span class='ocrx_word' id='word_1_159' title='bbox 1319 3153 1481 3230; x_wconf 82' lang='lat' dir='ltr'>maxima,</span> 
     </span>
     <span class='ocr_line' id='line_1_24' title="bbox 394 3252 1481 3337; baseline 0 -20"><span class='ocrx_word' id='word_1_160' title='bbox 394 3253 500 3336; x_wconf 85' lang='lat' dir='ltr'>coepit</span> <span class='ocrx_word' id='word_1_161' title='bbox 524 3254 560 3318; x_wconf 94' lang='lat' dir='ltr'>in</span> <span class='ocrx_word' id='word_1_162' title='bbox 586 3272 625 3318; x_wconf 85' lang='lat' dir='ltr'>se</span> <span class='ocrx_word' id='word_1_163' title='bbox 646 3254 722 3337; x_wconf 90' lang='lat' dir='ltr'>ipso</span> <span class='ocrx_word' id='word_1_164' title='bbox 744 3254 929 3329; x_wconf 82' lang='lat' dir='ltr'>tabescere,</span> <span class='ocrx_word' id='word_1_165' title='bbox 949 3260 986 3318; x_wconf 91' lang='lat' dir='ltr'>et</span> <span class='ocrx_word' id='word_1_166' title='bbox 1000 3252 1299 3318; x_wconf 82' lang='lat' dir='ltr'>lamentationibus</span> <span class='ocrx_word' id='word_1_167' title='bbox 1317 3252 1481 3337; x_wconf 89' lang='lat' dir='ltr'>multipli-</span> 
     </span>
     <span class='ocr_line' id='line_1_25' title="bbox 394 3351 1482 3436; baseline 0 -19"><span class='ocrx_word' id='word_1_168' title='bbox 394 3353 482 3417; x_wconf 87' lang='lat' dir='ltr'>catis</span> <span class='ocrx_word' id='word_1_169' title='bbox 498 3352 735 3436; x_wconf 88' lang='lat' dir='ltr'>conquerendo</span> <span class='ocrx_word' id='word_1_170' title='bbox 749 3351 874 3431; x_wconf 91' lang='lat' dir='ltr'>dicere,</span> <span class='ocrx_word' id='word_1_171' title='bbox 891 3352 966 3417; x_wconf 88' lang='lat' dir='ltr'>‘Ut</span> <span class='ocrx_word' id='word_1_172' title='bbox 979 3352 1061 3436; x_wconf 89' lang='lat' dir='ltr'>quid</span> <span class='ocrx_word' id='word_1_173' title='bbox 1078 3371 1131 3417; x_wconf 87' lang='lat' dir='ltr'>me</span> <span class='ocrx_word' id='word_1_174' title='bbox 1146 3352 1267 3434; x_wconf 91' lang='lat' dir='ltr'>genuit</span> <span class='ocrx_word' id='word_1_175' title='bbox 1279 3360 1392 3417; x_wconf 88' lang='lat' dir='ltr'>mater</span> <span class='ocrx_word' id='word_1_176' title='bbox 1407 3371 1482 3417; x_wconf 88' lang='lat' dir='ltr'>msa</span> 
     </span>
     <span class='ocr_line' id='line_1_26' title="bbox 395 3449 1482 3536; baseline 0.004 -23"><span class='ocrx_word' id='word_1_177' title='bbox 395 3449 529 3515; x_wconf 82' lang='lat' dir='ltr'>infoelix</span> <span class='ocrx_word' id='word_1_178' title='bbox 561 3459 596 3517; x_wconf 89' lang='lat' dir='ltr'>et</span> <span class='ocrx_word' id='word_1_179' title='bbox 621 3452 819 3536; x_wconf 80' lang='lat' dir='ltr'>impudical</span> <span class='ocrx_word' id='word_1_180' title='bbox 872 3451 922 3516; x_wconf 92' lang='lat' dir='ltr'>Ut</span> <span class='ocrx_word' id='word_1_181' title='bbox 947 3452 1031 3534; x_wconf 85' lang='lat' dir='ltr'>qnid</span> <span class='ocrx_word' id='word_1_182' title='bbox 1062 3452 1208 3534; x_wconf 77' lang='lat' dir='ltr'>genibus</span> <span class='ocrx_word' id='word_1_183' title='bbox 1236 3459 1416 3536; x_wconf 85' lang='lat' dir='ltr'>exceptus,</span> <span class='ocrx_word' id='word_1_184' title='bbox 1443 3460 1482 3518; x_wconf 92' lang='lat' dir='ltr'>ut</span> 
     </span>
     <span class='ocr_line' id='line_1_27' title="bbox 396 3549 1482 3635; baseline 0.003 -22"><span class='ocrx_word' id='word_1_185' title='bbox 396 3549 478 3632; x_wconf 89' lang='lat' dir='ltr'>qnid</span> <span class='ocrx_word' id='word_1_186' title='bbox 513 3551 675 3616; x_wconf 88' lang='lat' dir='ltr'>uberibus</span> <span class='ocrx_word' id='word_1_187' title='bbox 711 3550 906 3617; x_wconf 87' lang='lat' dir='ltr'>ablactatus</span> <span class='ocrx_word' id='word_1_188' title='bbox 935 3551 1123 3617; x_wconf 65' lang='lat' dir='ltr'>Mannum</span> <span class='ocrx_word' id='word_1_189' title='bbox 1152 3551 1269 3635; x_wconf 83' lang='lat' dir='ltr'>accepi</span> <span class='ocrx_word' id='word_1_190' title='bbox 1298 3551 1482 3617; x_wconf 85' lang='lat' dir='ltr'>incremen-</span> 
     </span>
     <span class='ocr_line' id='line_1_28' title="bbox 396 3650 1481 3735; baseline 0.005 -23"><span class='ocrx_word' id='word_1_191' title='bbox 396 3650 496 3713; x_wconf 87' lang='lat' dir='ltr'>tnml</span> <span class='ocrx_word' id='word_1_192' title='bbox 549 3650 690 3716; x_wconf 87' lang='lat' dir='ltr'>Ferrum</span> <span class='ocrx_word' id='word_1_193' title='bbox 706 3650 789 3715; x_wconf 90' lang='lat' dir='ltr'>mibi</span> <span class='ocrx_word' id='word_1_194' title='bbox 804 3651 918 3734; x_wconf 88' lang='lat' dir='ltr'>potius</span> <span class='ocrx_word' id='word_1_195' title='bbox 935 3669 1039 3735; x_wconf 85' lang='lat' dir='ltr'>quam</span> <span class='ocrx_word' id='word_1_196' title='bbox 1054 3651 1252 3716; x_wconf 85' lang='lat' dir='ltr'>alimentum</span> <span class='ocrx_word' id='word_1_197' title='bbox 1267 3650 1385 3717; x_wconf 88' lang='lat' dir='ltr'>debuit</span> <span class='ocrx_word' id='word_1_198' title='bbox 1399 3671 1481 3735; x_wconf 83' lang='lat' dir='ltr'>prre·</span> 
     </span>
     <span class='ocr_line' id='line_1_29' title="bbox 395 3748 1482 3834; baseline 0.002 -21"><span class='ocrx_word' id='word_1_199' title='bbox 395 3749 532 3833; x_wconf 83' lang='lat' dir='ltr'>parari&#39;</span> <span class='ocrx_word' id='word_1_200' title='bbox 583 3748 700 3834; x_wconf 84' lang='lat' dir='ltr'>Coepit</span> <span class='ocrx_word' id='word_1_201' title='bbox 714 3749 869 3816; x_wconf 82' lang='lat' dir='ltr'>frendere</span> <span class='ocrx_word' id='word_1_202' title='bbox 882 3748 1053 3829; x_wconf 88' lang='lat' dir='ltr'>dentibus,</span> <span class='ocrx_word' id='word_1_203' title='bbox 1075 3751 1183 3816; x_wconf 90' lang='lat' dir='ltr'>oculis</span> <span class='ocrx_word' id='word_1_204' title='bbox 1197 3751 1306 3817; x_wconf 90' lang='lat' dir='ltr'>torvis</span> <span class='ocrx_word' id='word_1_205' title='bbox 1320 3751 1482 3816; x_wconf 89' lang='lat' dir='ltr'>intuitum</span> 
     </span>
     <span class='ocr_line' id='line_1_30' title="bbox 396 3849 1484 3934; baseline 0.002 -20"><span class='ocrx_word' id='word_1_206' title='bbox 396 3857 605 3933; x_wconf 88' lang='lat' dir='ltr'>retorquere,</span> <span class='ocrx_word' id='word_1_207' title='bbox 634 3859 790 3934; x_wconf 86' lang='lat' dir='ltr'>arreptos</span> <span class='ocrx_word' id='word_1_208' title='bbox 822 3850 964 3915; x_wconf 84' lang='lat' dir='ltr'>baculos</span> <span class='ocrx_word' id='word_1_209' title='bbox 999 3858 1036 3916; x_wconf 91' lang='lat' dir='ltr'>et</span> <span class='ocrx_word' id='word_1_210' title='bbox 1065 3850 1201 3934; x_wconf 83' lang='lat' dir='ltr'>stipites</span> <span class='ocrx_word' id='word_1_211' title='bbox 1238 3869 1331 3915; x_wconf 90' lang='lat' dir='ltr'>mors</span> <span class='ocrx_word' id='word_1_212' title='bbox 1367 3849 1484 3916; x_wconf 77' lang='lat' dir='ltr'>furiosi</span> 
     </span>
     <span class='ocr_line' id='line_1_31' title="bbox 396 3949 1483 4032; baseline 0.003 -20"><span class='ocrx_word' id='word_1_213' title='bbox 396 3969 486 4013; x_wconf 91' lang='lat' dir='ltr'>nnnc</span> <span class='ocrx_word' id='word_1_214' title='bbox 508 3949 696 4030; x_wconf 85' lang='lat' dir='ltr'>corrodere,</span> <span class='ocrx_word' id='word_1_215' title='bbox 718 3968 809 4015; x_wconf 93' lang='lat' dir='ltr'>nunc</span> <span class='ocrx_word' id='word_1_216' title='bbox 828 3969 984 4015; x_wconf 90' lang='lat' dir='ltr'>corrosos</span> <span class='ocrx_word' id='word_1_217' title='bbox 1009 3950 1233 4032; x_wconf 79' lang='lat' dir='ltr'>confringere,</span> <span class='ocrx_word' id='word_1_218' title='bbox 1253 3960 1289 4016; x_wconf 91' lang='lat' dir='ltr'>et</span> <span class='ocrx_word' id='word_1_219' title='bbox 1311 3949 1483 4017; x_wconf 87' lang='lat' dir='ltr'>inordina·</span> 
     </span>
     <span class='ocr_line' id='line_1_32' title="bbox 396 4049 1482 4134; baseline 0 -20"><span class='ocrx_word' id='word_1_220' title='bbox 396 4057 509 4114; x_wconf 86' lang='lat' dir='ltr'>torum</span> <span class='ocrx_word' id='word_1_221' title='bbox 525 4059 685 4132; x_wconf 89' lang='lat' dir='ltr'>gestuum</span> <span class='ocrx_word' id='word_1_222' title='bbox 701 4050 855 4134; x_wconf 89' lang='lat' dir='ltr'>plurimis</span> <span class='ocrx_word' id='word_1_223' title='bbox 870 4051 1080 4132; x_wconf 88' lang='lat' dir='ltr'>argumentis</span> <span class='ocrx_word' id='word_1_224' title='bbox 1098 4057 1301 4134; x_wconf 87' lang='lat' dir='ltr'>conceptum</span> <span class='ocrx_word' id='word_1_225' title='bbox 1320 4049 1482 4128; x_wconf 88' lang='lat' dir='ltr'>dolorem,</span> 
     </span>
     <span class='ocr_line' id='line_1_33' title="bbox 397 4147 1483 4233; baseline 0.004 -21"><span class='ocrx_word' id='word_1_226' title='bbox 397 4149 466 4213; x_wconf 90' lang='lat' dir='ltr'>imo</span> <span class='ocrx_word' id='word_1_227' title='bbox 478 4147 639 4227; x_wconf 79' lang='lat' dir='ltr'>furorem,</span> <span class='ocrx_word' id='word_1_228' title='bbox 652 4149 881 4215; x_wconf 84' lang='lat' dir='ltr'>manifestare.</span> <span class='ocrx_word' id='word_1_229' title='bbox 932 4149 978 4215; x_wconf 86' lang='lat' dir='ltr'>Et</span> <span class='ocrx_word' id='word_1_230' title='bbox 992 4150 1110 4215; x_wconf 90' lang='lat' dir='ltr'>statim</span> <span class='ocrx_word' id='word_1_231' title='bbox 1124 4149 1160 4214; x_wconf 95' lang='lat' dir='ltr'>in</span> <span class='ocrx_word' id='word_1_232' title='bbox 1174 4151 1251 4233; x_wconf 89' lang='lat' dir='ltr'>ipsa</span> <span class='ocrx_word' id='word_1_233' title='bbox 1265 4158 1378 4228; x_wconf 89' lang='lat' dir='ltr'>nocte,</span> <span class='ocrx_word' id='word_1_234' title='bbox 1393 4151 1483 4216; x_wconf 84' lang='lat' dir='ltr'>clan-</span> 
     </span>
     <span class='ocr_line' id='line_1_34' title="bbox 396 4247 1483 4333; baseline 0.001 -20"><span class='ocrx_word' id='word_1_235' title='bbox 396 4248 475 4313; x_wconf 90' lang='lat' dir='ltr'>culo</span> <span class='ocrx_word' id='word_1_236' title='bbox 493 4249 657 4315; x_wconf 82' lang='lat' dir='ltr'>coniectis</span> <span class='ocrx_word' id='word_1_237' title='bbox 680 4249 800 4327; x_wconf 85' lang='lat' dir='ltr'>literis,</span> <span class='ocrx_word' id='word_1_238' title='bbox 825 4249 918 4314; x_wconf 89' lang='lat' dir='ltr'>misit</span> <span class='ocrx_word' id='word_1_239' title='bbox 935 4247 979 4314; x_wconf 85' lang='lat' dir='ltr'>ad</span> <span class='ocrx_word' id='word_1_240' title='bbox 1003 4248 1202 4333; x_wconf 85' lang='lat' dir='ltr'>Philippum</span> <span class='ocrx_word' id='word_1_241' title='bbox 1224 4249 1325 4314; x_wconf 84' lang='lat' dir='ltr'>Marc</span> <span class='ocrx_word' id='word_1_242' title='bbox 1347 4257 1483 4315; x_wconf 84' lang='lat' dir='ltr'>cousta-</span> 
     </span>
     <span class='ocr_line' id='line_1_35' title="bbox 396 4346 1483 4431; baseline 0.003 -20"><span class='ocrx_word' id='word_1_243' title='bbox 396 4348 566 4413; x_wconf 88' lang='lat' dir='ltr'>bnlarium</span> <span class='ocrx_word' id='word_1_244' title='bbox 597 4350 701 4414; x_wconf 83' lang='lat' dir='ltr'>castri</span> <span class='ocrx_word' id='word_1_245' title='bbox 734 4349 777 4415; x_wconf 90' lang='lat' dir='ltr'>de</span> <span class='ocrx_word' id='word_1_246' title='bbox 806 4347 1034 4431; x_wconf 87' lang='lat' dir='ltr'>Notingbam,</span> <span class='ocrx_word' id='word_1_247' title='bbox 1063 4349 1203 4415; x_wconf 89' lang='lat' dir='ltr'>natione</span> <span class='ocrx_word' id='word_1_248' title='bbox 1232 4346 1483 4427; x_wconf 82' lang='lat' dir='ltr'>Pictavenscm,</span> 
     </span>
     <span class='ocr_line' id='line_1_36' title="bbox 397 4447 1483 4530; baseline 0.005 -21"><span class='ocrx_word' id='word_1_249' title='bbox 397 4447 552 4512; x_wconf 88' lang='lat' dir='ltr'>similiter</span> <span class='ocrx_word' id='word_1_250' title='bbox 567 4456 603 4513; x_wconf 91' lang='lat' dir='ltr'>et</span> <span class='ocrx_word' id='word_1_251' title='bbox 618 4449 663 4514; x_wconf 90' lang='lat' dir='ltr'>ad</span> <span class='ocrx_word' id='word_1_252' title='bbox 679 4467 796 4514; x_wconf 90' lang='lat' dir='ltr'>omues</span> <span class='ocrx_word' id='word_1_253' title='bbox 812 4467 894 4513; x_wconf 89' lang='lat' dir='ltr'>suos</span> <span class='ocrx_word' id='word_1_254' title='bbox 909 4448 1132 4530; x_wconf 90' lang='lat' dir='ltr'>alienigenas,</span> <span class='ocrx_word' id='word_1_255' title='bbox 1148 4448 1323 4530; x_wconf 91' lang='lat' dir='ltr'>inquibus</span> <span class='ocrx_word' id='word_1_256' title='bbox 1337 4450 1483 4514; x_wconf 82' lang='lat' dir='ltr'>maximo</span> 
     </span>
     <span class='ocr_line' id='line_1_37' title="bbox 397 4546 1482 4627; baseline 0.005 -18"><span class='ocrx_word' id='word_1_257' title='bbox 397 4546 589 4613; x_wconf 82' lang='lat' dir='ltr'>confidebat</span> <span class='ocrx_word' id='word_1_258' title='bbox 606 4550 719 4621; x_wconf 88' lang='lat' dir='ltr'>anima</span> <span class='ocrx_word' id='word_1_259' title='bbox 729 4568 805 4626; x_wconf 85' lang='lat' dir='ltr'>sna,</span> <span class='ocrx_word' id='word_1_260' title='bbox 820 4555 860 4612; x_wconf 92' lang='lat' dir='ltr'>ut</span> <span class='ocrx_word' id='word_1_261' title='bbox 874 4555 990 4614; x_wconf 86' lang='lat' dir='ltr'>castra</span> <span class='ocrx_word' id='word_1_262' title='bbox 1003 4567 1067 4613; x_wconf 86' lang='lat' dir='ltr'>sua</span> <span class='ocrx_word' id='word_1_263' title='bbox 1081 4546 1288 4613; x_wconf 82' lang='lat' dir='ltr'>victualibus</span> <span class='ocrx_word' id='word_1_264' title='bbox 1303 4549 1482 4627; x_wconf 88' lang='lat' dir='ltr'>munirent,</span> 
     </span>
    </p>
   </div>
   <div class='ocr_carea' id='block_1_5' title="bbox 0 0 1691 5734">
    <p class='ocr_par' dir='ltr' id='par_1_5' title="bbox 0 0 1691 5734">
     <span class='ocr_line' id='line_1_38' title="bbox 0 0 1691 5734; baseline 0 0"><span class='ocrx_word' id='word_1_265' title='bbox 0 0 1691 5734; x_wconf 95' lang='lat' dir='ltr'> </span> 
     </span>
    </p>
   </div>
  </div>
 </body>
</html>
