3334 5734
380 803 446 871 2101)
747 816 944 867 usomoum
967 817 1101 867 viris.

381 944 438 1085 {3⁵65
486 943 668 1090 ”imm
780 1005 815 1072 0.
831 1004 1071 1082 sdds,‘tertiu
1086 1003 1164 1069 idus
1178 1002 1354 1087 Augusti:

381 1166 427 1180 -
475 1130 527 1206 21,
542 1126 692 1214 compulsi
780 1129 815 1194 Ο.
831 1127 929 1204 adds,
946 1130 1053 1194 ‘Hoc
1075 1128 1246 1212 praecipue
1268 1128 1403 1193 dictum
1429 1137 1485 1193 est

799 1248 863 1313 pro
885 1226 1113 1294 Constantino
1136 1228 1212 1293 cive
1232 1228 1485 1306 lundoniensi,

801 1328 844 1394 (le
860 1327 961 1414 eujus
975 1329 1161 1412 suspendio
1171 1328 1245 1412 jem
1263 1328 1484 1393 oertifieuha·

800 1436 858 1493 tur
872 1435 907 1494 et
923 1447 1030 1494 ceusu
1046 1436 1082 1494 et
1094 1428 1220 1494 modo!

382 1547 436 1628 87,
498 1553 528 1628 5,
543 1549 629 1715 Ϊιιιῖἔε
646 1596 654 1614 .
674 1596 682 1612 .
698 1596 729 1613 ..
777 1552 953 1637 inquibus
969 1552 1125 1635 pertibus
1140 1571 1235 1617 error
1248 1550 1315 1616 ille.

382 1777 434 1853 88,
475 1770 732 1853 &micheam
779 1773 872 1857 quod
886 1793 930 1838 ex
948 1781 1040 1838 tunc.

382 1934 434 1947 -
477 1900 529 1977 30,
546 1897 647 1963 uam
779 1897 948 1964 (lominus.

382 2023 439 2102 91,
497 2024 529 2100 9,
544 2020 723 2086 omnimodis
779 2021 976 2088 commodis.

383 2189 434 2203 -
479 2150 533 2226 35,
547 2155 731 2213 mersum
779 2145 872 2211 addit
887 2144 1013 2223 Puris,
1028 2142 1149 2210 Tertio
1166 2152 1281 2210 sutem
1305 2144 1385 2211 idus
1402 2144 1477 2212 Au·

802 2246 897 2330 gusti
912 2253 1068 2310 mortuus
1086 2251 1152 2324 est,
1167 2246 1256 2310 sieut
1272 2253 1476 2328 praetsctum

802 2352 866 2423 est,
883 2365 947 2411 rex
968 2344 1239 2430 sapientissimus
1266 2345 1477 2411 Francorum

804 2445 985 2529 Philippus
1005 2452 1041 2510 et
1057 2444 1149 2529 apud
1170 2452 1330 2510 sunctum
1346 2445 1476 2530 Diony-

802 2546 891 2611 sium
916 2544 1086 2629 sepultus,
1105 2544 1164 2628 qui
1185 2545 1376 2629 suscipiens
1398 2566 1476 2630 reg·

803 2664 885 2710 uum
913 2651 1012 2728 putre
1040 2663 1104 2708 suo
1129 2642 1304 2710 Lodovico
1327 2645 1478 2724 vivente,

803 2764 895 2810 auno
927 2744 1040 2810 aetetis
1079 2763 1152 2809 suae
1181 2744 1303 2827 quinto
1334 2745 1477 2823 decimo,

803 2844 962 2927 regnavit
994 2842 1093 2910 suuis
1128 2844 1359 2929 quadraginta
1391 2865 1475 2929 qus·

804 2951 900 3025 tuor3
923 2944 979 3008 cui
993 2944 1157 3010 successit
1174 2942 1371 3009 Lodovicus
1386 2944 1475 3010 filius

804 3043 891 3129 ejus,
908 3042 969 3108 sed
990 3043 1135 3108 multum
1157 3042 1338 3109 dissimiles
1355 3043 1411 3110 hic
1425 3046 1477 3109 vir

804 3150 840 3208 et
858 3142 926 3208 ille.
976 3142 1001 3208 J
1003 3143 1154 3208 ohannes
1168 3141 1212 3208 de
1229 3143 1397 3222 Breunes,
1416 3164 1477 3209 rex

805 3243 1037 3322 Hierusalem,
1070 3251 1106 3308 et
1130 3242 1295 3325 magister
1324 3244 1479 3328 superior

804 3342 986 3426 hospitalis
1005 3342 1149 3408 fratrum
1171 3341 1404 3423 Hierusalem,
1419 3363 1476 3409 ve·

805 3449 930 3508 nerunt
957 3441 994 3506 iu
1021 3440 1184 3525 Angliam
1217 3443 1310 3508 circa
1335 3453 1478 3509 octavas

806 3541 1041 3626 apostolorum
1075 3541 1170 3607 Petri
1203 3550 1239 3607 et
1270 3541 1385 3620 Pauli,
1417 3563 1478 3626 prs

807 3641 937 3708 auxilio
969 3641 1175 3725 postulando
1210 3642 1254 3706 sd
1288 3642 1476 3707 subsidium

806 3741 924 3807 Terrae
951 3749 1092 3807 sunctae.
1138 3740 1267 3807 Eodem
1293 3761 1385 3807 auno
1408 3761 1479 3808 mu·

807 3842 916 3925 gister
931 3840 967 3906 S.
980 3842 1023 3906 de
1036 3840 1178 3926 Apulis,
1190 3842 1372 3926 episcopus
1386 3841 1477 3907 Exo-

807 3941 948 4019 niensis,
979 3942 1072 4007 circa
1102 3941 1226 4008 festum
1258 3942 1478 4008 exultationis

806 4048 936 4106 sancte
974 4038 1106 4121 Crucis,
1138 4048 1174 4106 et
1204 4040 1402 4106 Willelmus
1439 4042 1479 4106 (le

808 4139 1006 4218 Cornhulle‚
1053 4141 1232 4225 episeopus
1275 4139 1478 4218 cestrensis,

807 4241 899 4306 ciros
913 4241 1003 4306 idem
1018 4248 1165 4325 tempus,
1180 4241 1350 4307 obierunt.
1378 4239 1479 4305 Anno

809 4341 913 4406 etism
935 4341 1066 4421 eodem,
1087 4360 1150 4426 per
1171 4341 1326 4424 singulos
1350 4360 1490 4407 menses,

810 4442 991 4506 continuos
1008 4442 1101 4519 anni,
1111 4449 1211 4507 tantu
1226 4439 1292 4505 fuit
1304 4440 1479 4505 inundatio

809 4540 1004 4622 pluviarum
1029 4547 1065 4605 et
1091 4541 1224 4625 eruptio
1256 4560 1422 4624 uquarum
1447 4548 1481 4604 et

809 4640 899 4704 ueris
922 4640 1150 4725 inaequalitas,
1168 4649 1220 4720 ut,
1236 4659 1299 4724 pro
1317 4648 1417 4706 tanta
1430 4639 1480 4704 in-
