3334 5734
388 750 433 818 te
757 768 957 819 uremours
980 768 1113 820 viris.

401 891 459 930 m.
482 891 535 930 un.

392 956 467 1030 183,
486 955 741 1030 lammam
786 955 1056 1040 praedecessores
1077 959 1272 1040 precessit3
1295 958 1357 1024 sed
1375 958 1413 1022 iu
1432 958 1487 1024 hie

548 1053 704 1139 prem
808 1056 966 1170 omnibus
991 1057 1105 1122 iactus
1134 1065 1188 1122 est
1217 1058 1295 1124 Deo
1324 1060 1485 1142 ingratis·

604 1176 607 1183 ·
808 1174 928 1220 simus.

391 1317 442 1330 -
485 1276 539 1354 20,
554 1272 608 1340 cii
627 1275 741 1341 uincit
786 1279 843 1343 eui
857 1278 981 1344 innuit.

390 1437 442 1449 -
485 1399 731 1479 30,Eeoeicasir
787 1401 1008 1468 oxoniensis.

392 1527 465 1603 184,
503 1526 533 1604 6,
550 1524 729 1591 sacam
785 1525 879 1593 addit
898 1525 1025 1605 Paria,
1048 1524 1269 1591 Normanuus
1296 1525 1390 1609 prior
1410 1525 1486 1591 fun·

808 1626 906 1692 davit
928 1625 1106 1691 ecclesiam
1130 1624 1259 1690 Christi
1280 1624 1487 1691 Loudouen·

808 1727 869 1804 sis,
886 1727 951 1790 sub
967 1725 1154 1809 ordineque
1170 1725 1281 1790 sancti
1295 1723 1484 1809 Augustini

808 1825 994 1891 canonicos
1010 1824 1205 1890 collacavit.

391 1993 442 2006 ..
485 1950 537 2026 20,
552 1944 709 2012 burdio*
786 1947 999 2047 interdicam.

555 2067 623 2112 mur

391 2214 441 2227 ..
485 2170 537 2250 23,
554 2166 613 2237 tibi
785 2167 873 2234 deest

393 2299 467 2374 185,
505 2298 537 2372 1,
551 2292 739 2381 aqam
785 2290 879 2358 «aaa
897 2290 1025 2370 ram,
1048 2263 1173 2358 coevo
1194 2291 1361 2359 kalendas
1384 2294 1484 2373 nan,

553 2394 670 2480 perime
807 2391 940 2458 scilicet
954 2390 1010 2456 die
1026 2393 1137 2457 sancti
1153 2391 1277 2459 Marci.

391 2560 442 2575 ..
507 2515 740 2602 baedam
786 2513 901 2580 mat.

392 2789 442 2802 -
506 2744 537 2826 6,
551 2739 687 2806 invitm
787 2739 880 2806 addit
909 2739 1033 2818 Paris,
1063 2737 1169 2806 Anno
1199 2760 1337 2824 quoque
1363 2741 1483 2808 eodem

809 2840 952 2905 celebris
984 2839 1176 2905 habebatur
1211 2841 1370 2924 epistola,
1404 2861 1483 2926 quae

810 2938 989 3005 dicebatur
1013 2939 1147 3005 caelitus
1172 2940 1277 3004 missa
1299 2941 1336 3004 in
1361 2961 1483 3006 manus

810 3039 989 3124 cujusdam
1003 3039 1152 3122 praelati,
1170 3039 1251 3104 dum
1269 3039 1409 3105 missam
1427 3060 1484 3106 ce-

809 3138 969 3217 lebraret,
985 3137 1028 3204 ad
1050 3139 1290 3223 temperandas
1307 3139 1483 3206 Romano-

810 3258 886 3303 rum
910 3239 1140 3316 enormitates,
1169 3256 1248 3322 quae
1269 3239 1380 3305 indies
1405 3259 1485 3305 suc-

810 3345 1002 3403 creverunt.
1034 3337 1484 3405 ‘ExcitabiturRomacon-

810 3446 865 3503 tra
881 3437 1089 3516 Romanum,
1110 3445 1147 3503 et
1163 3436 1341 3502 Romanus
1356 3440 1483 3504 substi-

811 3543 918 3615 tutos,
942 3536 1089 3602 Romam
1114 3536 1273 3603 Romano
1293 3539 1481 3604 imminuet.

809 3634 1077 3702 Alleviabuntur
1107 3637 1198 3702 vires
1226 3644 1416 3720 pastorum,
1448 3645 1483 3703 et

810 3736 972 3801 solatium
994 3755 1111 3801 eorum
1128 3737 1193 3801 erit
1206 3737 1244 3800 iu
1258 3736 1341 3802 otio.
1391 3737 1481 3802 Tur·

809 3836 983 3900 babuntur
1012 3834 1121 3900 seduli
1144 3842 1180 3900 et
1203 3837 1364 3916 orabunt,
1389 3837 1482 3902 etin

809 3935 994 4019 lachrymis
1024 3935 1206 4000 multorum
1239 3935 1305 4000 erit
1332 3937 1482 4020 requies3

809 4035 948 4100 humilis
968 4034 1099 4100 alludet
1117 4034 1313 4115 furibundo,
1333 4043 1370 4100 et
1388 4036 1482 4101 iumr

810 4135 1017 4218 extinguens
1030 4134 1238 4219 palpabitur.
1263 4133 1387 4201 Novus
1397 4155 1482 4219 grex

810 4242 925 4318 speret
954 4234 998 4299 ad
1028 4233 1213 4312 cumulum,
1247 4242 1282 4299 et
1315 4235 1374 4319 qui
1405 4235 1482 4300 inti·

809 4335 967 4399 tulantur
1010 4335 1107 4399 tenui
1151 4333 1228 4399 cibo
1267 4334 1483 4400 cibabuntur.
1510 4351 1513 4355 ·

811 4433 995 4499 Frustrata
1020 4441 1075 4499 est
1099 4452 1178 4517 spes
1204 4435 1427 4518 sperantium,
1446 4442 1483 4499 et

809 4534 992 4617 requiescit
1020 4534 1194 4612 solatium,
1224 4535 1260 4598 iu
1288 4553 1356 4618 quo
1381 4541 1482 4617 parat
