3334 5734
569 785 767 834 nncrrouns
791 786 921 835 varra.
1225 765 1292 839 153Ι

248 970 410 1052 episcopo
444 969 619 1034 suadente.
671 968 717 1043 Et
746 976 799 1033 est
826 988 938 1034 sermo
969 968 1060 1032 omni
1093 966 1289 1049 acceptione

248 1068 484 1150 dignissimus.

209 1208 267 1245 PAO.
290 1208 340 1245 uu.

200 1271 276 1348 166,
293 1272 348 1347 22,
363 1270 447 1334 alios
463 1292 530 1335 rora
596 1270 664 1335 alio
677 1271 872 1354 recipiente.

353 1371 473 1453 serente

198 1489 274 1568 167,
291 1494 343 1570 29,
358 1493 459 1556 Limes
596 1492 714 1559 bimis,

199 1617 274 1694 168,
289 1620 341 1693 33,
357 1618 519 1681 cantuale
596 1619 717 1701 posita.

200 1736 273 1815 170,
315 1742 347 1819 2,
359 1740 472 1805 induri
596 1742 738 1806 obsessi.

198 1860 276 1941 171,
315 1867 343 1941 l,
361 1865 485 1929 mouit
596 1866 748 1943 evanuit,
779 1865 880 1930 modo
907 1865 977 1932 sere
1005 1868 1161 1933 omnibus
1189 1870 1288 1951 igno·

619 1972 712 2043 rato;
736 1966 866 2029 utinam
884 1985 951 2030 non
966 1973 1005 2031 ut
1015 1967 1107 2031 fama
1123 1968 1224 2034 refert
1235 1970 1287 2033 in·

620 2065 719 2128 vida!
764 2065 892 2130 Eodem
905 2084 1008 2144 anno,
1023 2086 1099 2131 cnm
1118 2067 1287 2132 Innocen-

619 2165 687 2227 tius
711 2182 802 2247 papa
828 2165 872 2229 ad
900 2167 1150 2249 expeditionem
1170 2167 1287 2233 Terrae

618 2273 759 2341 sanctae,
786 2273 825 2329 ut
851 2264 952 2341 dixit,
977 2265 1020 2329 ad
1050 2267 1287 2332 occultandam

618 2382 713 2426 suam
728 2365 920 2441 avaritiam,
930 2364 1096 2429 infinitam
1108 2367 1287 2449 pecuniam

619 2464 663 2527 ab
682 2463 801 2528 ordine
817 2462 1034 2529 cisterciensi
1054 2467 1287 2550 proposuisset

618 2570 834 2646 extorquere,
850 2583 872 2627 a
884 2565 986 2628 beata
996 2564 1140 2647 Virgine
1154 2585 1286 2650 correp

619 2670 675 2726 tus
704 2664 747 2727 ab
774 2664 956 2728 exactione
980 2665 1140 2743 cessavit,
1166 2667 1287 2731 timore

616 2781 808 2844 percussus.
869 2761 1084 2826 Generaliter
1116 2784 1197 2829 vero
1227 2786 1289 2849 per

616 2859 779 2942 Angliam
819 2861 1113 2945 quadragesimam
1155 2872 1287 2947 partem

617 2961 835 3042 pecuniarum
854 2960 1047 3025 reddituum
1063 2964 1286 3029 mundaverat

617 3060 764 3141 erogari,
787 3060 829 3123 ad
851 3060 917 3125 iter
940 3063 1286 3144 crucesignatorum.

617 3158 688 3222 His
718 3157 928 3242 temporibus
961 3161 1047 3226 obiit
1077 3162 1131 3227 vir
1162 3163 1286 3227 nobilis

615 3257 810 3323 willelmus
825 3258 868 3323 de
884 3259 1076 3326 stutevilla.

594 3382 762 3465 regiones.

593 3507 784 3571 haberetur.

594 3632 697 3714 quod.

467 3756 474 3771 '
517 3791 531 3804 ·
594 3753 686 3818 addit
705 3753 830 3832 Paris„
854 3754 983 3818 Eodem
1007 3773 1098 3820 anno
1122 3776 1184 3820 rex
1206 3758 1287 3823 fecit

617 3854 822 3935 generaliter
858 3854 1051 3931 acclamari,
1090 3862 1130 3919 ut
1165 3856 1286 3938 legalis

617 3955 726 4018 assisa
739 3952 839 4038 panis
853 3952 1096 4019 inviolabiliter
1105 3954 1169 4017 sub
1183 3975 1287 4037 poena

617 4052 844 4136 collistrigiali
885 4054 1135 4118 observaretur.
1197 4052 1285 4133 Quae

617 4154 761 4235 probata
779 4152 845 4217 init
869 4172 930 4236 per
946 4153 1111 4235 pistorem
1128 4149 1286 4218 Ganfridi

617 4251 677 4315 filii
693 4251 733 4316 P.
747 4252 931 4336 justiciarii
954 4249 1104 4333 Angue,
1125 4259 1161 4316 et
1178 4253 1285 4336 pisto·

617 4370 687 4414 rem
723 4351 767 4415 R.
798 4350 841 4417 de
872 4351 1071 4430 Tbnrnam3
1109 4352 1159 4414 ita
1193 4355 1285 4435 quod

616 4451 762 4533 pistores
783 4452 934 4533 poterint
950 4450 1001 4514 sic
1015 4449 1173 4527 vendere,
1191 4460 1226 4517 et
1248 4454 1284 4516 in

617 4550 768 4632 quolibet
787 4551 960 4634 quarterio
983 4549 1107 4615 lucrari
1132 4558 1201 4616 tres
1225 4550 1284 4616 de·
