3334 5734
394 702 461 768 1⁶8
758 716 959 765 nrorrouus
982 716 1115 767 varin.

406 845 464 882 ΡΛΟ.
486 844 539 881 ult.

396 908 471 984 206,
487 903 609 1020 llll?
632 913 703 990 quot
792 903 883 987 quod
900 902 1022 968 missis

556 1024 720 1069 mmmm

395 1129 471 1203 209,
487 1130 540 1204 18,
555 1128 702 1193 eederet
793 1123 951 1190 audierat
967 1133 1002 1189 et
1017 1124 1164 1189 viderat.

396 1254 469 1329 ala
508 1250 538 1330 7,
553 1251 742 1317 dotauioue
792 1248 1002 1314 definitione.

394 1419 445 1433 -
489 1380 541 1458 10,
556 1377 695 1465 accepim
751 1426 754 1433 .
791 1371 884 1436 addit
917 1369 1043 1448 Paris,
1073 1369 1293 1448 summatim,
1324 1370 1400 1437 haec
1426 1371 1483 1437 fuit

814 1490 921 1536 causa
936 1479 972 1536 et
987 1471 1205 1535 seminarium
1222 1472 1363 1536 erroris.
1412 1471 1482 1536 Ber

813 1578 978 1655 posuerat
991 1571 1132 1635 verbum
1149 1591 1250 1636 suum
1269 1571 1308 1635 in
1328 1591 1390 1636 ore
1409 1571 1482 1636 duo

814 1669 1171 1735 decimmouacborum
1179 1670 1482 1746 Cantuariensimn,

815 1776 856 1835 ut
881 1789 1117 1855 quemcunque
1143 1770 1313 1853 eligerent
1338 1770 1415 1853 ipse
1433 1790 1484 1834 uc·

814 1877 979 1953 ceptaret.
1030 1868 1244 1935 Convenerat
1260 1876 1382 1934 autem
1403 1871 1483 1935 inter

814 1989 929 2052 regem
957 1976 993 2035 et
1017 1987 1089 2048 eos,
1113 1971 1268 2052 praestito
1291 1968 1483 2054 juramento

814 2076 851 2132 et
879 2068 958 2134 fidei
980 2069 1249 2152 interpositione,
1275 2069 1372 2153 qnod
1397 2070 1484 2134 nullo

813 2167 916 2234 modo
941 2168 1046 2233 alium
1068 2188 1171 2252 quam
1194 2167 1393 2233 lohannem
1419 2170 1483 2253 epi·

814 2286 957 2352 scopum
967 2267 1212 2334 Norvicensem
1224 2268 1409 2350 eligerent3
1430 2267 1484 2333 ba-

815 2367 943 2431 bebant
975 2376 1012 2433 et
1042 2368 1199 2433 similiter
1231 2368 1325 2450 regis
1360 2368 1483 2433 literas.
1615 2416 1616 2445 ,

815 2465 883 2532 Sed
907 2467 973 2552 ipsi
999 2467 1167 2546 monachi,
1183 2475 1369 2552 postquam
1390 2468 1483 2533 intel·
1616 2500 1617 2503 ¹

814 2565 974 2632 texerunt
989 2567 1189 2633 electionem
1211 2566 1294 2632 dicti
1318 2565 1484 2632 Johennis

815 2685 917 2750 papae
946 2667 1046 2731 nimis
1072 2666 1253 2752 displicere
1279 2674 1317 2731 et
1347 2668 1483 2744 cassari,

815 2766 1078 2848 suggerentibus
1109 2766 1340 2831 cardinalibus
1368 2776 1405 2832 et
1429 2768 1485 2832 do-

815 2867 909 2930 mino
930 2885 1034 2950 papa,
1057 2875 1092 2931 et
1116 2864 1366 2930 affirmantibus
1388 2867 1484 2932 licere

815 2965 866 3029 eis
887 2966 1014 3048 eligere
1034 2984 1269 3049 quemcunque
1290 2965 1433 3043 vellent,
1450 2977 1484 3030 ut

814 3072 944 3130 secrete
976 3064 1177 3130 electionem
1205 3065 1430 3143 celebrarent,
1456 3067 1483 3129 si

813 3171 991 3229 strenuum
1026 3173 1063 3232 et
1097 3164 1268 3248 praecipue
1305 3163 1483 3248 Anglicum

813 3263 991 3346 eligerent,
1014 3265 1191 3347 elegerunt
1219 3284 1282 3347 per
1307 3264 1482 3329 consilium

813 3382 914 3445 papae
954 3364 1156 3446 magistrum
1192 3362 1405 3447 Stephanum
1445 3365 1485 3428 de

814 3460 994 3546 Lengeton
1008 3462 1229 3542 cardinalem,
1246 3484 1315 3547 quo
1329 3485 1398 3530 non
1413 3472 1486 3529 erat

813 3561 925 3646 major
945 3563 981 3627 in
1004 3562 1111 3640 curia,
1135 3562 1204 3627 imo
1224 3582 1288 3627 nec
1310 3565 1342 3627 ei
1367 3583 1431 3646 par
1451 3565 1484 3627 in

813 3662 966 3727 moribus
982 3672 1017 3728 et
1031 3662 1186 3727 scientia.
1238 3659 1294 3726 Ex
1312 3670 1408 3741 tnnc,
1426 3664 1485 3744 igi·

814 3767 883 3839 tur,
908 3782 976 3827 non
1000 3762 1113 3846 potuit
1139 3762 1172 3828 ei
1198 3781 1291 3845 papa
1315 3762 1351 3826 in
1375 3762 1486 3827 multi·

813 3858 914 3925 sormi
931 3862 1150 3928 tribulatione
1166 3861 1297 3928 deesse.

394 4030 445 4043 -
488 3986 541 4065 26,
556 3986 592 4050 ia
607 4005 742 4071 persono
791 3985 908 4051 derum

547 4084 741 4150 ..electiones

396 4212 469 4288 213,
486 4212 537 4288 13,
552 4210 680 4295 acepit
790 4206 884 4272 addit
902 4203 1027 4283 Paris,
1048 4204 1120 4269 Sub
1137 4205 1263 4270 eisdem
1286 4208 1407 4273 diebus
1430 4207 1487 4272 ln-

814 4305 991 4370 nocentius
1019 4324 1111 4388 papa
1134 4306 1277 4388 cupiens
1306 4308 1343 4370 in
1366 4314 1489 4391 propo-

813 4406 881 4470 sito
909 4424 973 4469 suo
1004 4424 1118 4488 regem
1142 4403 1337 4470 lohannem
1365 4406 1488 4473 babere

813 4504 1047 4584 savorebilem‚
1068 4503 1151 4588 quia
1174 4515 1387 4588 cognoverat
1408 4526 1485 4572 eun·
