3334 5734
545 784 742 834 unwrouss
765 784 894 833 varin.
1226 766 1272 832 w

227 964 453 1030 Eboraoensis
473 966 760 1051 archiepiscopus,
790 967 935 1033 ennodio
958 966 1069 1031 noluit
1093 965 1268 1030 interesse.

229 1064 326 1128 Obiit
352 1085 486 1148 quoque
509 1067 733 1149 Reginaldns‚
761 1087 875 1131 comes
903 1064 1095 1131 cornubiae.
1148 1064 1269 1147 Euge,

229 1162 444 1228 Petroleonis
464 1166 625 1230 diaconus
646 1167 840 1245 cardinalis,
861 1165 954 1230 venit
979 1166 1113 1248 legatus
1135 1166 1171 1229 in
1195 1163 1269 1230 An-

227 1263 345 1343 gliam,
361 1273 396 1327 et
413 1267 573 1347 praestitit
588 1267 826 1331 auctoritatem
849 1265 1005 1330 tradendi
1025 1265 1167 1330 clericos
1189 1272 1270 1329 aute

222 1361 374 1444 judicem
389 1366 586 1430 saecularem
605 1384 668 1449 pro
681 1364 857 1431 forisfacto
871 1364 1007 1430 foresto
1021 1372 1057 1430 et
1065 1365 1153 1430 laico
1168 1363 1270 1429 sendo

228 1461 263 1523 in
281 1461 432 1527 favorem
446 1465 549 1546 regis.

191 1602 249 1641 PAO.
271 1601 324 1637 ill·

178 1664 461 1750 383,14,in9mio
576 1665 667 1730 addit
683 1665 805 1743 Paris,
819 1674 996 1731 caverunt.
1031 1665 1121 1730 Haec
1137 1673 1190 1730 est
1202 1665 1271 1730 for·

598 1786 654 1829 ma
686 1766 815 1831 cbartae
845 1786 928 1831 vera
955 1784 1033 1849 qnae
1059 1766 1173 1831 estin
1198 1765 1272 1829 the-

598 1884 714 1942 sauro,
753 1865 810 1931 ubi
846 1885 998 1949 appensa
1039 1871 1120 1929 sunt
1158 1866 1273 1929 omnia

600 1963 716 2047 sigilla
757 1965 994 2050 episcoporum
1036 1971 1072 2029 et
1105 1964 1270 2028 baronum

600 2063 735 2128 Scotiae.

183 2190 259 2264 384,
297 2188 328 2265 2,
342 2184 532 2274 ropejobente
578 2186 670 2351 αὲιόιι
701 2186 823 2265 Paris,
855 2187 993 2272 filioque
1034 2206 1103 2252 nou
1137 2182 1273 2252 cont'ra-

627 2287 746 2354 ‘cente

182 2449 236 2461 -
280 2406 524 2492 ratisponensi
582 2411 788 2494 Bergamiui.
912 2501 915 2505 Δ

184 2571 236 2583 -
281 2525 332 2606 17,
345 2530 505 2614 siparum
581 2536 744 2620 gladium.

187 2657 261 2731 385,
276 2656 534 2730 susurronem»
581 2659 672 2724 addit
709 2659 833 2737 Paris,
866 2658 973 2742 Engo
1007 2658 1275 2737 Petro-Leonis,

603 2759 786 2841 legationis
820 2778 893 2823 snae
934 2778 1035 2823 cursu
1074 2760 1275 2839 cancellato,

604 2858 850 2925 transfretavit.
902 2858 982 2922 Rex
997 2859 1168 2925 Henricus
1184 2860 1277 2924 dedit

604 2958 709 3022 filiam
724 2978 822 3022 suam
841 2958 1012 3041 juniorem
1033 2960 1107 3040 regi
1126 2957 1276 3042 Apuliae,

605 3065 749 3122 etsexto
766 3056 931 3121 kalendas
944 3057 1153 3139 Septembris
1165 3065 1278 3121 trans-

605 3156 755 3222 fretavit.
799 3155 896 3220 Obiit
905 3155 1098 3221 Richardus
1109 3175 1224 3221 eomes
1234 3157 1277 3221 de

605 3254 764 3338 Strigoih
791 3273 906 3322 comes
915 3255 1018 3320 etiam
1028 3255 1223 3321 willelmus
1234 3256 1276 3321 de

606 3353 774 3420 Arundell
791 3356 877 3420 obiit
889 3362 1013 3437 quarto
1026 3355 1103 3420 idus
1118 3356 1277 3422 Octobris

605 3455 695 3538 apud
711 3454 887 3532 Waverle,
901 3461 937 3519 et
949 3455 1104 3537 sepultus
1117 3462 1171 3520 est
1184 3454 1277 3539 apud

606 3553 863 3631 Wimnndham,
880 3553 1001 3618 cellam
1022 3554 1152 3620 seilicet
1172 3554 1280 3620 ecole-

606 3654 668 3719 siae
690 3655 799 3717 sancti
824 3652 961 3730 Albani,
983 3654 1082 3737 cujus
1102 3655 1197 3720 cellae
1216 3675 1279 3739 pa·

606 3753 1076 3835 tronnssuissedignosoitur.
1101 3754 1278 3819 Walterus

607 3872 756 3936 quoque,
777 3853 871 3935 prior
892 3852 1151 3937 wintoniensis,
1168 3852 1280 3918 faetus

608 3959 663 4017 est
677 3952 785 4016 abbas
797 3951 1188 4017 westmonasteriensis.
1284 3976 1286 3983 ·

190 4081 335 4156 386,12‚
358 4073 541 4162 teporem
588 4072 789 4156 Legionum.

191 4200 266 4279 387,
283 4206 335 4280 15,
350 4200 482 4265 Honriei
587 4196 803 4263 (ἰθύει-Τὼ
816 4196 956 4263 Cotton.
970 4197 1047 4265 MS.
1059 4197 1122 4262 has
1132 4197 1282 4264 ‘Uinici'

190 4329 267 4404 888,
305 4328 336 4402 2,
351 4324 512 4391 maman
587 4320 680 4386 addit
710 4320 834 4399 Paris,
866 4321 995 4387 Eodem
1028 4342 1165 4405 quoqne
1191 4342 1284 4389 anno

611 4420 804 4504 Philippus,
833 4441 948 4487 comes
983 4421 1216 4499 Flandrensis,
1247 4431 1283 4489 et

609 4519 804 4586 willelmus
823 4520 866 4586 de
888 4520 1117 4604 Magna-villa
1136 4522 1280 4607 proiecti
