3334 5734
623 805 820 856 nnorrouus
844 806 976 857 vnnrn.
1275 789 1341 857 823

304 992 429 1069 omnia,
441 998 510 1055 tam
519 990 653 1055 vinaria
664 1008 767 1072 qnam
781 989 974 1068 fercularia,
986 1009 1032 1055 ex
1045 1009 1129 1056 auro
1145 997 1181 1056 et
1194 998 1337 1072 argento

287 1110 406 1175 opere
429 1090 624 1172 excogitato
649 1089 817 1154 fabricata
842 1088 1100 1155 innumerabilia
1123 1090 1337 1173 resplendue-

303 1197 394 1267 runt,
419 1209 564 1273 quorum
588 1188 764 1254 materiam
785 1190 971 1272 superabat
997 1208 1108 1272 opus3
1140 1189 1207 1254 imo
1232 1189 1335 1254 etiarn

302 1290 381 1355 ollae
395 1297 432 1355 et
446 1308 531 1356 vasa
547 1289 756 1372 coquinaria,
771 1290 864 1354 urcei
877 1296 913 1354 et
929 1308 1014 1356 vasa
1025 1288 1171 1368 maaria,
1193 1288 1278 1353 disci
1301 1295 1336 1352 et

302 1409 388 1456 vasa
404 1388 532 1454 cibaria
548 1396 710 1471 argentea
726 1388 913 1453 nituerunt.

261 1531 318 1568 PAO.
340 1531 394 1569 m.

253 1595 327 1671 334,
343 1596 395 1670 23,
412 1601 441 1657 a
451 1591 586 1657 abaco
646 1591 796 1656 virorum
809 1589 971 1655 nobilium
989 1609 1029 1653 ac
1043 1609 1104 1674 per
1117 1589 1231 1654 omnia
1246 1609 1334 1654 oom-

415 1690 598 1757 ..aobilium
666 1690 907 1755 mendabilinm
933 1697 968 1755 et
986 1688 1129 1755 aliorum
1155 1708 1334 1772 generoso

665 1808 753 1854 rum.

252 1958 303 1969 -
346 1916 398 1993 24,
411 1914 499 1981 illiue
646 1913 746 1996 regis.

252 2079 303 2092 —
345 2038 397 2117 27,
413 2037 581 2125 obmuium
644 2032 736 2098 addit
753 2032 877 2110 Paris„
896 2032 1097 2098 custodiam.

251 2203 302 2217 —
345 2162 599 2248 3l,imporotorie
645 2158 882 2241 imperatricis.

250 2329 302 2342 -
345 2289 397 2363 32,
414 2285 542 2374 burgum
643 2281 732 2347 deod.

250 2453 301 2464 ..
344 2410 595 2489 33,oomitem...
644 2405 809 2470 comitatu
841 2402 1004 2468 comitum
1037 2420 1079 2467 ac
1105 2402 1269 2467 baronum
1301 2410 1337 2469 et

412 2508 561 2574 eoadem
665 2503 811 2568 aliorum
827 2503 1002 2568 nobilium.

250 2675 301 2686 -
343 2634 396 2709 34,
413 2632 514 2696 variis
645 2626 828 2789 plulesridos
859 2626 989 2691 nobiles
1021 2632 1057 2690 et
1083 2627 1219 2709 egregie
1250 2626 1336 2711 pba-

678 2736 801 2790 erutos.

250 3566 302 3578 ..
345 3526 396 3603 11,
411 3544 549 3590 meone-
646 3517 739 3583 addit
766 3514 891 3591 Paris,
916 3513 1060 3578 Miserat
1085 3513 1175 3578 enim
1200 3531 1263 3577 rex
1291 3513 1335 3579 ad

414 3632 490 3689 nmo
667 3634 783 3682 ornnes
800 3614 957 3679 abbatius
973 3612 1263 3697 circumjacentes,
1275 3613 1335 3680 inr-

667 3716 799 3801 periose
823 3721 943 3796 petens
966 3712 1151 3796 quemlibet
1167 3714 1336 3793 abbatem,

667 3824 718 3893 ut,
735 3814 778 3878 ad
796 3812 1052 3879 conducendum
1067 3831 1216 3878 sororem
1239 3831 1336 3877 snam

668 3916 712 3980 ad
738 3933 842 3991 mare,
868 3930 975 3996 equos
1003 3931 1080 3977 oum
1110 3913 1337 3977 assessoribus

669 4014 740 4079 suis
756 4012 972 4079 honorabiles
988 4011 1270 4078 accommodaret.

253 4195 303 4207 ..
346 4153 398 4229 29,
412 4148 570 4213 matamo-
645 4138 897 4205 matrimonium
910 4135 995 4200 illud
1011 4136 1238 4220 magnificum.

414 4269 502 4314 namu

253 4419 304 4430 ..
346 4376 401 4451 31,
418 4372 532 4439 eboni
646 4361 738 4427 addit
753 4360 879 4437 Paris,
892 4357 1151 4424 investimentis
1167 4357 1338 4442 pretiosis,

669 4461 775 4526 cereis
800 4459 964 4536 accensis,
990 4458 1182 4543 agminibus
1204 4476 1339 4541 compo

669 4563 734 4626 site
748 4558 924 4625 ordinatis.
