3334 5734
377 750 427 814 xii
779 764 1063 815 isvnooocrrorv.

377 945 520 1028 antiqua
541 945 714 1010 hominum
736 942 947 1010 consuetudo
963 943 1082 1008 diatim
1098 942 1271 1025 expiravit
1287 949 1322 1005 et
1335 942 1470 1006 sancti-

377 1053 432 1110 tas
449 1039 664 1129 'approbata

492 1216 662 1283 Wilhdauu
676 1238 730 1282 reu
743 1216 780 1281 de
795 1216 901 1281 stultu
916 1214 1047 1281 hostibus
1061 1216 1125 1280 suis
1138 1215 1350 1301 triurnpdueit.

426 1339 530 1406 Auno
548 1341 688 1406 Domini
704 1356 839 1404 unxlx.
855 1347 1023 1405 venerunt
1034 1338 1172 1422 qnidam
1189 1338 1232 1403 ad
1247 1359 1362 1422 regem
1376 1339 1467 1405 wil-

377 1440 528 1518 lelmum,
539 1441 806 1506 Dunelmensem
819 1439 1014 1522 episcopum
1027 1438 1226 1522 Agelricum
1237 1439 1280 1504 de
1295 1440 1372 1524 ejus
1385 1460 1466 1523 pro·

378 1541 528 1605 motione
546 1540 770 1624 [proditione]
788 1547 1012 1619 accusantes3
1039 1539 1111 1621 qui,
1124 1539 1161 1603 iu
1178 1538 1262 1603 villa
1278 1558 1356 1622 quae
1372 1539 1464 1603 Bur·

378 1659 461 1723 gum
482 1640 607 1706 dicitur
622 1658 644 1704 a
657 1639 749 1722 regis
766 1638 931 1704 Wiilelmi
951 1638 1116 1704 ministris
1136 1646 1270 1721 captus,
1287 1638 1332 1703 ad
1348 1638 1463 1704 west-

380 1740 624 1805 monasterium
639 1739 763 1804 ductus
780 1745 834 1803 est
850 1739 913 1802 sub
929 1737 1093 1804 carcerali
1109 1737 1267 1802 custodia
1283 1737 1465 1803 detruden-

378 1837 454 1904 dus.
492 1839 539 1904 Et
555 1846 686 1922 postea,
704 1857 819 1902 mense
834 1837 1008 1921 Augusto,
1024 1838 1131 1903 frater
1145 1837 1220 1922 ejus
1235 1837 1461 1921 Egeluuinus‚

379 1938 532 2022 ejusdem
552 1938 620 2002 loci
643 1937 755 2003 iectus
776 1937 968 2020 episcopus,
985 1937 1051 2003 fuit
1066 1939 1103 2001 in
1119 1936 1360 2001 exterminium
1375 1938 1462 2002 rele-

379 2044 492 2120 gatus.
544 2036 675 2103 Eodem
697 2056 777 2101 vero
793 2056 884 2101 auno
904 2037 1077 2102 interduo
1098 2035 1187 2101 festa
1205 2038 1316 2101 beatae
1339 2037 1462 2103 Mariae

378 2137 415 2201 iu
446 2143 611 2202 autumno
639 2143 807 2201 venerunt
840 2134 909 2199 duo
940 2135 1002 2200 filii
1037 2136 1144 2200 Suaui
1178 2144 1214 2201 et
1247 2136 1354 2202 irater
1385 2138 1460 2222 ejus

380 2235 550 2301 Olbernus
566 2235 609 2300 de
628 2254 735 2317 reguo
751 2235 930 2299 Danorum
948 2254 1025 2300 cum
1044 2234 1232 2317 cogonibus
1249 2237 1409 2301 trecentis
1424 2237 1462 2301 in

379 2332 556 2417 Angliem‚
577 2343 617 2400 nt
636 2355 750 2418 regem
772 2334 984 2399 Willelmum
1003 2335 1047 2399 ab
1066 2333 1196 2418 Anglia
1219 2337 1461 2416 exturbareut3

378 2453 522 2518 quorum
553 2434 722 2500 adventus
746 2453 825 2499 cum
850 2434 1048 2517 divulgatus
1071 2434 1203 2512 fuisset,
1225 2435 1385 2501 exierunt
1411 2437 1461 2500 eis

378 2533 515 2599 obviam
547 2535 582 2598 in
613 2552 698 2618 poce
726 2533 885 2618 Edgarus
916 2534 1077 2616 Etheling
1108 2533 1197 2597 iilius
1226 2533 1399 2614 Edvvurdi,
1426 2542 1462 2600 et

378 2632 596 2699 Waltheoius
612 2653 735 2711 comes,
750 2653 827 2701 cum
838 2635 954 2699 multis
969 2633 1117 2698 millibus
1132 2642 1351 2710 armatorum,
1368 2633 1462 2718 cupi-

377 2739 475 2798 entes
497 2753 614 2799 eorum
636 2733 767 2799 auxilio
788 2753 904 2816 regem
928 2733 1140 2799 Willelmum
1164 2752 1287 2816 capere
1305 2735 1361 2799 vel
1386 2754 1460 2799 car·

377 2833 446 2897 ceri
476 2841 641 2916 perpetuo
678 2834 886 2916 mancipare.
950 2832 1060 2909 Tunc,
1090 2831 1218 2898 foedere
1249 2834 1459 2911 confirmato,

374 2932 507 3016 junctis
524 2931 653 2998 viribus
675 2932 719 2997 ad
742 2932 934 2997 Eboracum
950 2933 1123 2997 venientes
1145 2933 1262 2997 urbem
1284 2952 1362 2997 cum
1385 2954 1461 2998 cas·

377 3033 460 3097 tello
485 3031 689 3115 quantocius
713 3039 937 3116 occuparunt,
962 3039 998 3096 et
1012 3031 1120 3096 multu
1140 3031 1265 3096 ibidem
1289 3032 1460 3098 homiuum

376 3132 484 3197 millia
500 3140 728 3216 peremerunt,
737 3132 954 3217 majoresque
967 3132 1062 3196 urbis
1072 3138 1108 3195 et
1120 3131 1305 3213 provinciae
1316 3132 1460 3197 vinculis

377 3231 651 3312 constringentes
675 3233 883 3314 torquebant
899 3239 935 3296 et
961 3232 1005 3296 ab
1027 3230 1077 3296 eis
1098 3250 1233 3295 omnem
1250 3251 1366 3296 eorum
1382 3233 1461 3296 suo

378 3328 542 3394 stantiam
576 3328 801 3393 abstulerunt.
852 3329 1006 3394 Tandem
1030 3330 1079 3394 ibi
1105 3329 1194 3395 inter
1224 3330 1292 3395 duo
1322 3330 1462 3396 flumina

378 3427 510 3493 Vasam
531 3435 567 3492 et
581 3426 709 3492 Treute
730 3427 920 3493 hiemantes
942 3429 1053 3493 omnis
1074 3428 1224 3512 regionis
1246 3430 1378 3496 incolas
1399 3431 1461 3495 im·

377 3526 640 3592 misericorditer
661 3526 876 3594 trucidarunt
894 3528 949 3593 vel
972 3528 1016 3593 ad
1038 3527 1244 3594 deditionem
1265 3539 1460 3614 coegerunt.

377 3626 444 3692 Sed
467 3626 674 3705 Willelmus,
695 3627 805 3693 hieme
820 3637 1029 3705 transcursu,
1046 3648 1124 3694 cnm
1146 3629 1297 3695 maxima
1314 3638 1463 3695 armato-

378 3746 454 3790 rum
480 3726 581 3809 copia
609 3727 851 3810 superveniens
876 3728 1034 3793 fortiores
1065 3727 1214 3793 hostium
1242 3729 1378 3812 fugavit
1402 3736 1463 3795 ant

375 3827 479 3909 cepit,
504 3826 652 3891 minores
678 3834 792 3892 autem
819 3826 1014 3893 trucidavit.
1065 3827 1164 3892 Tunc
1188 3828 1356 3912 Edgarns,
1381 3829 1461 3894 licet

375 3926 450 4010 ipse
480 3944 557 3989 cum
588 3926 712 3992 comite
743 3926 918 3992 Walteofo
946 3927 1210 3993 innumerabiles
1244 3927 1462 3994 Normunnos

375 4026 611 4108 peremissent,
636 4025 679 4090 ad
702 4046 816 4108 regem
840 4026 1051 4092 Willelmnm
1074 4027 1212 4092 veniens
1237 4035 1273 4093 et
1294 4029 1326 4092 ei
1353 4029 1463 4093 humi·

375 4125 478 4189 liatus
490 4145 610 4209 pacem
631 4125 829 4209 impetravit
843 4135 879 4192 et
892 4126 1001 4191 eidem
1018 4127 1100 4191 fecit
1113 4127 1324 4193 fidelitatem.
1377 4128 1462 4192 Erat

374 4225 464 4288 enim
477 4244 541 4290 rex
557 4224 752 4290 Willelmus
766 4226 990 4309 deprecabilis
1006 4234 1086 4308 post
1100 4226 1291 4292 victoriam.

837 4417 844 4448 ¹
856 4426 882 4471 et
892 4421 1018 4472 honestas.
