3334 5734
593 771 791 822 merlonus
817 772 949 822 visis.
1250 755 1317 823 299

221 953 350 1020 tudinis
363 954 587 1031 cumulemus,
604 954 686 1039 Ipse
705 962 821 1020 umen
838 954 991 1021 abundat
1007 954 1044 1020 in
1065 954 1195 1022 divitiis
1218 956 1317 1022 boni·

221 1055 317 1133 tatis,
356 1054 438 1119 dum
480 1061 621 1139 propter
655 1054 890 1120 diversitatem
928 1054 1157 1133 voluntatum,
1189 1056 1314 1122 virium

222 1153 435 1232 facultatem,
468 1154 743 1238 delinquentibus
771 1154 909 1220 diversa
939 1174 1003 1239 pro
1033 1163 1186 1239 tempore
1215 1157 1318 1221 satis·

221 1253 369 1320 faciendi
399 1271 527 1338 genero
556 1254 715 1333 contulit,
744 1255 842 1320 uaria
877 1254 1035 1320 medendi
1071 1254 1315 1338 languentibus

221 1355 373 1419 remedia
389 1354 592 1435 suscitavit3
618 1354 699 1419 dum
717 1351 856 1433 terram,
876 1355 913 1418 in
938 1373 1009 1438 qus
1031 1355 1137 1432 nasci,
1158 1356 1257 1432 mori,
1281 1361 1317 1420 et

222 1473 401 1536 resurgere
415 1455 537 1533 voluit,
562 1461 633 1519 tam
657 1452 716 1518 diu
739 1454 783 1519 ed
805 1454 1085 1520 exercitationem
1108 1454 1257 1520 fidelium
1273 1455 1317 1520 ab

223 1553 417 1620 infidelibus
442 1553 590 1619 detineri
620 1555 799 1637 permittit,
827 1574 906 1620 cum
937 1572 1007 1618 non
1038 1555 1085 1618 sit
1114 1555 1315 1620 abbreviata

225 1673 348 1718 manus
363 1654 517 1732 Domini,
534 1672 597 1718 nec
610 1654 812 1738 virtusejus
833 1655 869 1717 in
894 1653 1010 1738 ulique
1029 1653 1208 1732 diminuta,
1233 1653 1317 1738 quin

225 1771 314 1832 eam,
338 1756 429 1819 sicut
450 1753 531 1820 fecit
552 1761 676 1819 cuncta
696 1753 740 1818 de
760 1752 879 1832 nihilo,
903 1753 1048 1818 liberare
1062 1753 1177 1820 voleat
1193 1754 1229 1818 in
1243 1772 1318 1818 mo·

225 1861 354 1919 mento.
416 1853 482 1918 Sed
511 1852 591 1918 illas
623 1854 869 1937 compassionis
895 1860 930 1918 et
962 1852 1154 1919 dilectionis
1186 1854 1317 1937 gratias

226 1953 379 2037 exquirit
409 1954 454 2017 ab
485 1952 633 2033 bomine,
666 1953 790 2036 quibus
814 1952 860 2018 ad
881 1953 991 2019 omnis
1015 1953 1318 2018 consummationis

227 2052 490 2137 tinemlegisque
501 2051 744 2137 plenitudinem
754 2051 999 2118 ostendendam
1009 2053 1083 2137 ipse
1093 2052 1319 2137 priorbomini

227 2152 363 2236 perdito
386 2161 423 2219 et
441 2153 604 2218 damnato
628 2151 739 2218 voluit
754 2153 935 2217 miseratus
957 2152 1098 2233 odesse;
1124 2153 1184 2236 qui
1208 2152 1319 2218 nulla-

227 2261 328 2317 tenus
346 2253 558 2336 permisisset
571 2271 693 2317 manus
714 2251 838 2335 impias
860 2259 981 2317 contra
1006 2253 1082 2335 pios
1107 2271 1216 2335 usque
1232 2251 1319 2317 odeo

226 2353 393 2430 roborari,
420 2353 487 2417 nisi
514 2358 551 2417 et
577 2370 675 2417 suam
705 2351 873 2418 vindicari
900 2351 943 2416 de
972 2360 1092 2417 nostra
1118 2351 1317 2418 confusione

226 2451 435 2535 providisset
447 2452 620 2538 injurium,
641 2459 678 2517 et
699 2452 830 2518 sereni
848 2458 999 2517 nostrum
1024 2452 1066 2517 de
1089 2470 1154 2517 sue
1175 2451 1321 2518 uictoria

228 2550 455 2635 disciplinam.
506 2551 577 2617 Sub
601 2551 666 2617 buc
688 2552 868 2618 occasione
895 2551 1034 2616 delicati
1057 2552 1196 2635 plurimi
1219 2552 1321 2617 satis

227 2650 341 2716 lucere
368 2670 431 2734 pro
457 2651 560 2717 modo
587 2652 765 2716 criminum
794 2670 863 2715 non
888 2651 1044 2716 valentes
1074 2670 1138 2716 nec
1165 2650 1320 2717 volentes

229 2751 327 2817 uelut
351 2751 387 2815 in
417 2751 587 2835 profundo
615 2750 782 2816 mulorum
811 2750 949 2833 penitus
975 2749 1227 2832 desperassent,
1252 2751 1320 2814 nisl

229 2850 436 2917 occurrisset
463 2852 514 2917 eis
540 2850 614 2915 haec
641 2849 779 2929 tubulu3
807 2843 879 2924 ¹ut,
904 2868 966 2933 per
993 2847 1058 2914 hoc
1083 2848 1319 2932 compendium

229 2950 302 3016 suis
317 2951 469 3034 peccatis
484 2970 548 3035 pro
565 2949 704 3015 Christo
720 2949 899 3014 animabus
916 2949 1154 3023 consummati,
1170 2949 1320 3014 breviter

229 3049 416 3115 multorum
433 3057 624 3135 temporum
641 3050 754 3134 sputis
770 3048 1045 3132 complevissent.
1096 3046 1202 3112 Multi
1216 3047 1321 3113 etiem

229 3150 385 3216 invenire
412 3150 526 3217 locum
551 3150 610 3214 nbi
636 3155 806 3215 steterunt
834 3148 940 3232 pedes
965 3147 1105 3213 Domini
1131 3148 1320 3232 cupientes,

231 3249 327 3334 prius
341 3249 386 3315 ad
401 3251 555 3315 brevium
573 3249 646 3314 sine
661 3268 775 3326 cursu,
789 3247 846 3313 vel
866 3248 981 3331 potius
1003 3246 1046 3312 ad
1068 3267 1227 3313 coronam
1248 3249 1321 3313 sine

232 3350 360 3433 gladio,
376 3358 626 3433 pervenerunt3
653 3348 721 3413 Illo
735 3367 836 3412 suum
846 3356 1083 3413 remunerante
1095 3347 1250 3426 militem,
1262 3348 1323 3431 qui

231 3449 341 3515 solam
374 3449 626 3515 consideratio
656 3448 829 3513 oblatione
853 3448 1076 3514 voluntatem.
1130 3447 1180 3513 Ut
1207 3457 1322 3512 autem

230 3557 372 3634 propter
398 3550 576 3634 praemisse
604 3547 721 3613 fideles
749 3546 933 3614 efficaciter
960 3555 995 3613 et
1018 3554 1177 3631 potenter
1199 3566 1322 3630 exper-

231 3656 370 3732 gentur,
394 3668 470 3728 nos,
496 3648 539 3714 de
557 3648 803 3730 omnipotentis
824 3647 892 3712 Dei
907 3647 1141 3713 misericordia
1156 3655 1192 3713 et
1205 3648 1324 3713 beato·

232 3768 309 3814 rum
326 3748 423 3814 Petri
445 3757 480 3815 et
501 3746 605 3814 Pauli
630 3746 864 3831 apostolorum
885 3746 1092 3812 auctoritate
1118 3747 1251 3827 contisi,
1277 3767 1323 3812 ex

230 3849 293 3914 illa
318 3868 422 3933 quam
444 3850 543 3914 nobis
567 3847 675 3925 Deus,
693 3848 775 3913 licet
793 3846 954 3929 indignis,
974 3846 1105 3930 ligandi
1126 3854 1231 3930 atque
1257 3847 1324 3912 sol·

232 3948 336 4015 vendi
361 3949 508 4014 contulit
528 3953 747 4031 potestatem,
766 3947 936 4023 omnibns,
959 3947 1019 4030 qui
1042 3946 1193 4011 laborem
1217 3947 1322 4011 istum

233 4049 270 4112 in
298 4048 448 4133 propriis
476 4048 632 4132 personis
658 4048 823 4112 subierint
855 4046 953 4112 etin
983 4046 1155 4129 expensis,
1185 4045 1322 4128 plenam

232 4165 373 4213 suorum
399 4147 646 4232 peccaminum,
667 4148 711 4212 de
733 4148 858 4230 quibus
881 4145 1048 4213 verauter
1074 4145 1200 4211 luerint
1222 4145 1324 4211 corde

231 4247 371 4313 contriti
395 4256 430 4313 et
446 4267 505 4313 ore
529 4246 687 4325 confessi,
709 4247 844 4313 veniam
866 4246 1094 4328 indulgemus,
1112 4253 1147 4311 et
1170 4246 1205 4310 in
1227 4246 1326 4310 retri-

233 4348 374 4413 butione
389 4348 564 4433 justorum
581 4346 704 4411 euntis
725 4353 864 4412 aeternae
879 4346 1080 4430 pollicemur
1092 4352 1324 4428 augmentum.

257 4572 265 4603 ¹
277 4576 313 4625 Ut
322 4609 345 4630 ..
354 4611 361 4627 .
370 4574 570 4641 complevissent]
589 4574 632 4626 Sic
642 4574 669 4624 in
678 4574 776 4626 concil.
787 4574 894 4626 collect⁸
904 4574 946 4625 ed.
956 4574 1020 4638 lieg.
1030 4578 1090 4624 mm.
1101 4572 1191 4623 xxviii.
1202 4587 1229 4636 p.
1241 4575 1299 4625 ⁸1⁰.
