3334 5734
364 682 430 750 286
736 699 936 750 nuourouus
958 700 1090 750 visin.

415 889 511 964 erut3
537 891 574 948 et
595 882 763 949 mulorum
788 883 882 948 mulo
911 882 1036 948 ductus
1059 891 1095 948 et
1123 881 1286 948 seductus
1312 881 1456 947 oonsilio

415 982 533 1050 fideles
549 1003 642 1062 suos,
670 1002 757 1068 quos
783 982 925 1065 sangnis
953 984 1091 1048 untivus
1112 981 1205 1048 flecti
1226 1002 1295 1047 non
1315 982 1456 1065 permit·

416 1090 516 1162 teret,
537 1103 601 1169 pro
622 1082 700 1149 uliis
712 1082 888 1150 ventilatis
904 1082 1092 1169 postponit,
1105 1089 1150 1160 et
1168 1081 1261 1166 quod
1276 1081 1376 1168 pejus
1392 1087 1457 1160 est,

416 1182 608 1268 proditores
625 1189 738 1250 vocet

378 1332 435 1372 m.
457 1332 511 1372 m.

369 1408 445 1492 276,
460 1408 515 1490 27,
528 1410 653 1478 ecoe
764 1407 985 1491 proscribere.

367 1577 417 1591 -
460 1534 629 1620 33,flliom
643 1532 707 1620 ejice
763 1531 869 1596 lilium
885 1532 962 1618 ejus
978 1540 1041 1598 eut
1053 1530 1357 1615 consanguineum.

368 1656 443 1739 277,
477 1660 509 1739 4,
523 1658 698 1725 {mmm
762 1655 1028 1723 immutaverunt
1044 1656 1099 1722 vel
1116 1655 1343 1721 immutarent.

532 1766 607 1825 ml

367 1924 418 1939 -
462 1884 515 1961 18,
521 1881 636 1969 soeret
763 1880 842 1961 fuit,
856 1881 892 1946 in
903 1880 963 1968 Jus
979 1899 1079 1945 suum
1093 1886 1317 1963 assumptum.

368 2017 420 2057 '-
461 2005 664 2086 sommam
764 2004 1151 2073 ermetis...iciesuis.

368 2291 420 2305 -
463 2250 516 2329 26,
533 2246 662 2315 docebat
765 2255 931 2340 rapiebat.

368 2413 419 2425 -
462 2371 515 2449 28,
528 2391 566 2436 eo
580 2366 716 2436 ombus
763 2375 947 2441 indiscrete
974 2375 1190 2453 rebellantes,
1212 2374 1329 2457 potius
1358 2392 1380 2437 u
1406 2393 1454 2438 se

784 2474 940 2559 metipsis
955 2494 1059 2558 quum
1075 2476 1120 2540 ab
1135 2473 1223 2540 uliis

369 2589 444 2675 279,
482 2592 610 2672 tondi
764 2598 864 2683 quusi
908 2598 1047 2683 spoliati
1084 2617 1107 2663 e
1140 2595 1386 2683 vespilionibus
1418 2597 1451 2659 iu

785 2698 957 2783 compitis.

368 2858 418 2872 -
481 2837 668 2903 -qsaesso
764 2821 1066 2894 sueilluodelotu.

529 2925 619 2983 mitt

367 3080 419 3096 —
482 3036 513 3118 7,
523 3040 692 3126 pamniam
762 3040 856 3108 addit
876 3041 1001 3122 Paris„
1022 3062 1154 3109 necnon
1173 3052 1210 3109 et
1224 3048 1450 3114 stratilectilie

785 3161 865 3207 cum
879 3142 1026 3208 viaticis.

368 3305 419 3319 -
481 3301 509 3319 -
531 3264 706 3330 ocimum
763 3264 852 3332 dccet

367 3424 419 3436 -
483 3389 516 3465 8,
530 3388 716 3473 adpropiio
763 3388 882 3455 m.

367 3547 418 3559 -
462 3512 515 3589 19,
526 3509 682 3596 plurimos
762 3511 854 3578 addit
870 3511 997 3592 Puris„
1011 3514 1102 3597 quod
1119 3515 1232 3582 (lirum
1250 3536 1352 3583 omen
1369 3517 1454 3582 solet

785 3611 990 3695 significare.

368 3733 443 3810 280,
483 3735 516 3812 2,
530 3731 617 3799 mibe
638 3742 716 3799 stre·
765 3735 987 3801 Flnndreusis
1003 3737 1154 3817 notione,
1171 3738 1269 3806 miles
1285 3746 1457 3817 strenuus,

533 3854 614 3899 cccc
629 3881 638 3899 .
655 3881 665 3899 .
680 3882 715 3898 ..
784 3855 887 3919 quem
913 3856 978 3900 rex
1007 3837 1080 3901 suis
1111 3840 1251 3904 voouvit
1282 3847 1318 3905 et
1349 3839 1457 3905 tenuit

529 3932 680 4021 copitubol
784 3935 978 4020 stipendiis,
995 3944 1031 4001 et
1043 3936 1152 4003 eidem
1174 3937 1259 4003 illud
1280 3939 1457 4004 castellum

784 4035 1002 4102 commiserat
1011 4036 1282 4117 custodiendum,
1293 4058 1372 4103 cum
1384 4037 1457 4103 Pio

785 4136 984 4201 turcusibus
1003 4143 1038 4201 et
1053 4136 1321 4203 Flundrensibus
1338 4157 1457 4222 quam·

784 4235 962 4319 plurimis3
985 4236 1021 4301 et
1030 4236 1226 4320 intelligens
1242 4257 1312 4321 quo
1326 4237 1456 4303 Mures·
1581 4306 1583 4309 ,
1623 4271 1624 4316 ;

785 4334 895 4400 celius
922 4344 1009 4414 eret,
1037 4354 1139 4419 qoem
1165 4335 1253 4402 vidit
1279 4336 1455 4403 castellum

784 4453 863 4500 cum
889 4436 1008 4519 pouois
1033 4436 1225 4520 explorare,
1247 4438 1372 4523 erupit,
1397 4438 1457 4502 im·
