3334 5734
375 684 420 749 69
746 696 946 747 nncurouss
968 697 1101 749 vanis.

385 824 442 862 m.
465 823 516 863 ult.

374 889 450 964 188,
466 888 517 964 24,
533 884 678 951 molliat
769 883 862 950 addit
894 882 1018 960 Paris,
1054 882 1254 949 Mortalitas
1281 891 1365 949 tnnc
1393 893 1470 949 erat

792 983 991 1049 animalium
1024 983 1188 1061 maxima,
1217 983 1325 1048 sames
1353 984 1469 1048 valida

792 1083 828 1147 in
841 1081 1068 1147 Normannia.
1095 1081 1281 1160 Henricus,
1296 1103 1361 1148 rex
1375 1083 1470 1147 Ten·

792 1182 939 1260 tonicns,
963 1181 1166 1248 Paschalem
1185 1201 1312 1267 papam
1332 1184 1369 1248 in
1389 1202 1467 1247 cns·

793 1282 919 1347 todiam
938 1283 1064 1365 posuit.

372 1406 445 1485 189,
482 1409 514 1485 8,
528 1408 605 1494 quio
768 1405 852 1488 quin
868 1404 1077 1488 diligentius.

372 1531 446 1612 190,
462 1534 515 1611 21,
526 1532 685 1619 partim
766 1529 951 1612 pertinent.

532 1633 578 1698 sit

369 1790 420 1802 -
464 1757 516 1833 91,
531 1755 700 1842 resipuerat
766 1749 859 1815 addit
891 1748 1017 1826 Paris,
1049 1748 1129 1814 Hoc
1160 1769 1250 1816 anno
1283 1751 1378 1817 tacta
1410 1760 1464 1817 est

788 1849 962 1915 hominum
978 1847 1170 1914 mortalitas
1184 1851 1348 1917 maxima.

371 1979 444 2057 191,
462 1979 515 2057 92,
529 1999 605 2043 oum
766 1982 813 2039 et.

370 2102 443 2180 192,
481 2103 511 2180 4,
528 2102 637 2168 venilia
765 2099 895 2165 vexillo
912 2099 1058 2182 aufugit.

367 2261 420 2275 -
462 2228 516 2303 25,
524 2246 623 2312 puceu
639 2236 682 2293 est
764 2222 858 2289 ocidit
878 2222 1004 2301 Paris„
1022 2221 1158 2303 Quarto
1175 2223 1341 2290 kalendas
1354 2224 1460 2309 Apri·

787 2323 830 2387 lis
851 2322 1009 2387 Tamesis
1033 2324 1225 2389 exsiccatus
1247 2332 1301 2390 est
1316 2333 1353 2389 et
1369 2344 1463 2390 mare

787 2423 831 2487 ad
844 2421 1023 2486 duodecim
1033 2422 1193 2489 milliaria
1204 2444 1265 2507 per
1276 2424 1364 2489 duos
1376 2424 1460 2490 diss.

788 2521 1007 2605 Rednlphus,
1046 2523 1228 2607 episcopus
1273 2523 1460 2601 Rotlensis,

788 2621 929 2703 eligitur
952 2620 996 2685 ad
1016 2621 1346 2706 archiepiscopatum
1369 2622 1461 2688 Can·

787 2720 994 2785 tnariensem
1029 2729 1130 2786 sexto
1160 2721 1327 2788 kalendas
1359 2722 1458 2790 Maii.

788 2819 917 2885 Eodem
930 2839 1068 2904 qnoque
1078 2828 1230 2905 tempore
1239 2831 1459 2907 tempestates

786 2919 904 2984 multae
919 2910 1180 3002 personuerunt,
1197 2930 1332 2989 cometa
1352 2941 1459 3006 appu·

786 3020 857 3083 ruit
871 3038 987 3084 mense
1003 3018 1101 3098 Maii,
1122 3020 1300 3088 dedicatur
1315 3022 1458 3088 ecclesia

786 3117 1056 3184 Cantuariensis.

368 3242 584 3324 193,17‚r0e
597 3244 715 3309 Heort-
761 3243 797 3308 in
828 3243 1038 3308 contermino
1070 3242 1236 3326 praeteriti
1273 3252 1309 3309 et
1337 3247 1457 3311 subse·

527 3344 713 3409 eos...Lio·
784 3343 922 3426 quentis
950 3342 1045 3420 anni,
1075 3362 1139 3408 rex
1171 3342 1345 3408 Henrious
1378 3365 1455 3409 cum

527 3441 686 3508 alumnis
783 3442 905 3525 regius
923 3461 997 3518 sna,
1018 3441 1063 3505 ad
1089 3442 1204 3507 natale
1228 3442 1380 3521 Domini,
1401 3444 1455 3509 die

529 3542 654 3607 coldus
783 3542 916 3606 scilicet
931 3540 1180 3619 Innocentium,
1193 3542 1349 3607 interfuit
1362 3543 1456 3608 dedi·

784 3641 911 3706 cationi
920 3641 1073 3705 ecclesiae
1084 3643 1194 3707 sancti
1203 3640 1343 3719 Albani,
1353 3662 1454 3726 quam

783 3739 954 3806 dedicavit
970 3740 1246 3825 archiepiscopus
1263 3740 1454 3809 Rothoma·

783 3841 898 3922 gensis
924 3839 1124 3905 Gautridus.
1175 3840 1255 3919 Sed,
1282 3861 1361 3905 cnm
1383 3862 1454 3926 prae

782 3939 1017 4022 magnitudine
1046 3939 1199 4005 ecclesia
1239 3940 1454 4023 fatigaretur,

782 4039 886 4104 subiit
903 4058 989 4104 onus
1005 4038 1180 4104 Robertus
1194 4039 1453 4107 lincolniensis.

366 4165 441 4241 194,
456 4162 671 4242 lacerandos·
759 4160 853 4227 addit
880 4160 1006 4240 Paria,
1028 4161 1133 4225 Luna
1155 4161 1250 4228 facta
1276 4169 1330 4227 est
1354 4163 1454 4247 quasi

525 4271 600 4327 root
781 4261 972 4343 sanguinea
1004 4261 1106 4326 tertio
1134 4262 1212 4326 idus
1242 4262 1452 4328 Decembris.
1493 4283 1496 4286 ·

783 4361 957 4426 Robertus
968 4361 1061 4444 prior
1070 4380 1147 4426 cnm
1159 4362 1278 4444 paucis
1289 4360 1452 4425 fratribus

782 4460 996 4526 Meretonam
1012 4461 1121 4544 primo
1138 4461 1292 4526 habitare
1309 4460 1425 4545 coepit.
