3334 5734
745 782 945 830 LBO'HONBS
967 781 1101 831 VARIAE.

426 984 495 1049 qua
508 967 651 1032 desuevit
667 966 703 1030 in
717 965 895 1030 ecclesiam
913 963 1054 1042 Christi,
1072 970 1106 1028 et
1120 961 1210 1028 hanc
1227 980 1326 1026 snam
1350 979 1474 1025 necem

426 1067 618 1149 procuravi,
634 1067 823 1149 imperante
840 1071 1090 1148 protomartyre
1100 1062 1237 1145 Angiiae
1249 1062 1351 1126 beato
1362 1059 1474 1124 Alba·

426 1185 482 1243 no,
498 1167 557 1248 qui
572 1171 714 1249 questus
730 1171 782 1229 est
800 1164 960 1242 Domino,
977 1164 1069 1246 qnod
1085 1162 1249 1227 ininsula
1264 1160 1473 1235 Britannia,

425 1265 524 1350 cujus
543 1266 618 1348 ipse
638 1265 703 1330 fuit
716 1265 847 1347 primus
864 1271 1031 1341 sacrator,
1049 1282 1155 1346 supra
1173 1261 1312 1326 modum
1329 1277 1473 1343 grassa-

425 1366 541 1429 retur.'
578 1364 701 1430 Comes
715 1364 822 1445 igitur
832 1363 907 1427 hmo
917 1364 1020 1428 sociis
1032 1362 1151 1427 statim
1164 1360 1329 1425 narravit.
1370 1358 1471 1423 Infra

424 1464 573 1530 triduum
586 1471 701 1529 autem
717 1463 790 1527 haee
805 1463 921 1527 omnia
933 1481 1017 1527 vera
1031 1461 1169 1545 reperit,
1184 1480 1247 1544 per
1262 1457 1469 1523 mediatores

423 1564 561 1629 oculata
577 1564 644 1630 fide
660 1569 835 1645 expertus.

374 1687 450 1825 1'33',
466 1687 519 1827 {¹3ss
535 1746 682 1816 uuum
770 1746 869 1912 “Mei
888 1746 1013 1826 raris,
1042 1746 1130 1813 cum
1159 1752 1339 1828 regnum
1367 1744 1469 1809 anna

794 1855 826 1911 tr
869 1848 966 1912 ecim.

375 1968 449 2047 161,
466 1971 520 2045 ll,
534 1969 583 2034 οἶα
598 1977 634 2033 ui
772 1981 809 2035 et
823 1978 876 2036 ut.

374 2132 425 2147 -
468 2095 520 2172 22,
535 2093 591 2179 qui
614 2112 685 2158 eon-
773 2095 828 2160 cui
844 2093 1007 2159 continuo
1024 2112 1046 2159 a
1061 2092 1239 2171 Mauritio,
1257 2090 1468 2158 Londinensi

537 2193 623 2258 timo
708 2247 711 2253 ,
795 2195 969 2277 episcopo,
990 2202 1025 2259 et
1046 2213 1069 2258 a
1092 2191 1238 2271 Thoma,
1257 2192 1468 2258 Eboracensi

796 2292 1062 2377 archiepiscopo,
1084 2310 1212 2357 corona
1231 2292 1338 2376 capiti
1359 2291 1468 2375 impo-

796 2393 900 2457 nitur.

375 2554 426 2567 -
469 2512 673 2592 25,oonecuit
774 2515 866 2581 addit
902 2514 1025 2592 Paris,
1067 2513 1147 2579 Hoc
1191 2521 1344 2597 tempore
1376 2514 1468 2596 apud

798 2613 971 2698 Berksyre
987 2614 1024 2678 in
1040 2613 1189 2697 quodam
1209 2632 1313 2697 pago,
1330 2614 1366 2678 in
1385 2614 1469 2678 villa

798 2713 1022 2791 Humestede,
1050 2714 1193 2796 sanguis
1222 2713 1396 2778 emanavit
1424 2712 1468 2777 de

797 2822 901 2892 terra,
926 2812 1097 2878 continuis
1123 2812 1314 2896 quindecim
1337 2811 1467 2890 diebus,

796 2923 869 2978 tam
895 2914 1033 2997 copiose
1062 2920 1101 2977 nt
1129 2913 1280 2996 amplum
1307 2919 1469 2995 stagnum

797 3014 946 3097 tingeret
961 3019 998 3077 et
1009 3012 1175 3078 inficeret.

379 3139 452 3215 163,
469 3136 741 3214 aemonensis
776 3135 924 3202 miseria.

381 3262 454 3339 164,
470 3262 524 3335 23,
538 3268 581 3325 tot
594 3259 707 3324 chene
775 3259 852 3324 The
868 3259 983 3342 Royal
997 3259 1075 3325 MS.
1095 3260 1192 3338 adds,
1212 3261 1290 3327 that
1307 3260 1355 3325 all
1374 3259 1470 3326 these

797 3358 963 3437 charters,
975 3360 1071 3424 three
1087 3360 1169 3443 only
1185 3360 1364 3445 excepted,
1380 3379 1470 3424 were

797 3457 878 3536 lost,
896 3458 1064 3523 ‘diversis
1086 3460 1217 3525 viribus
1235 3461 1291 3526 vel
1313 3460 1470 3535 fallaciis,

798 3558 859 3623 vix
884 3559 993 3624 tribus
1021 3560 1286 3637 remanentibus,
1311 3559 1472 3624 videlicet

799 3657 891 3741 apud
902 3657 1232 3742 cantuariam,apnd
1242 3657 1470 3734 snlusnum,

797 3764 834 3822 et
849 3757 941 3841 apud
957 3756 1172 3822 nmmum!
1225 3758 1299 3823 Fol.
1313 3758 1358 3823 36
1372 3756 1399 3821 ὂ.

380 3920 431 3935 -
475 3883 529 3956 25,
546 3903 715 3947 manumm-
776 3880 852 3945 The
866 3880 1005 3946 Cotton.
1021 3880 1097 3945 MS.
1113 3882 1154 3946 oi
1165 3881 1265 3947 Paris
1280 3882 1366 3948 adds
1379 3881 1470 3959 here,

545 3991 609 4046 trun
797 3979 925 4045 ‘Idem
949 3979 1123 4045 Henricns
1148 3981 1370 4066 desponsavit
1392 3980 1471 4047 Mu·

798 4078 915 4143 tildem
938 4080 1044 4145 filiam
1064 4081 1254 4158 Maicoimi,
1276 4081 1367 4163 regis
1390 4080 1469 4145 Sco-

797 4178 869 4254 tiae,
895 4198 940 4242 ex
961 4198 1031 4263 qua
1057 4181 1178 4262 genuit
1199 4179 1412 4245 Willelmnm
1436 4186 1471 4243 et

797 4276 903 4340 filiam
930 4297 1046 4356 unam,
1071 4280 1206 4344 nomine
1230 4287 1265 4344 et
1291 4279 1471 4344 honestate
1527 4359 1530 4362 ,

798 4382 942 4440 matrem
956 4386 1272 4462 repraesentantem,
1287 4397 1391 4463 qnam
1402 4379 1472 4442 vir·

798 4475 913 4557 ginem
970 4478 1227 4561 quinquennem
1284 4480 1472 4563 imperator

799 4573 974 4640 Henricus
990 4577 1091 4660 petiit
1107 4586 1142 4643 et
1155 4578 1313 4662 accepit.'
