3334 5734
537 784 738 835 nncrionns
760 789 894 838 vanis.
1213 776 1279 842 217

184 907 242 946 m.
275 908 329 947 uit.

16 934 53 994 '⁰'
185 972 240 1048 28,
278 972 333 1047 32,
348 980 533 1037 mammet
578 971 670 1036 addit
685 972 1033 1059 Paris.,computatis
1049 977 1218 1044 omnibus.

185 1096 239 1171 29,
299 1098 331 1171 1,
347 1094 484 1160 utilite
580 1096 736 1176 viriliter,
753 1098 834 1163 licet
850 1118 920 1164 non
934 1099 1075 1165 utiliter.

184 1255 237 1268 —
301 1218 478 1295 4,me
580 1219 805 1287 innumeram.

185 1387 237 1401 -
280 1347 331 1424 15,
345 1345 457 1410 ooooli
580 1344 724 1411 murino.

184 1505 238 1519 -
280 1471 333 1548 16,
348 1469 463 1536 lom
581 1465 710 1530 lanceis
724 1466 1015 1550 perfodiebantur,
1027 1471 1186 1538 cultellis.

185 1634 237 1647 ..
279 1628 323 1645 .-
346 1592 534 1659 mmmm.
581 1589 854 1655 trucidabantur.

350 1701 404 1757 tor

15 1846 25 1889 ι
185 1852 238 1864 -
281 1813 334 1893 17,
351 1838 405 1881 occ
422 1865 533 1884 .....
582 1810 676 1876 calce
687 1816 918 1896 caecabantnr,
929 1837 1008 1901 spes
1020 1820 1139 1886 auxilii
1152 1828 1187 1886 et
1199 1839 1277 1884 suc·

187 1948 262 2223 Ἀ
349 1917 499 1983 evadam
603 1930 724 1976 cursus
754 1915 891 1996 penitus
916 1921 1161 1999 evacuabatur,
1193 1919 1279 2005 suga

604 2031 673 2076 non
689 2015 841 2095 patebat.

281 2141 332 2217 18,
348 2138 429 2204 uode
580 2135 672 2199 unde
686 2137 798 2203 multi.

171 2232 236 2393 sl-
280 2265 332 2341 21,
347 2260 386 2327 ab
400 2263 516 2349 Asyli·
581 2260 721 2326 arbitrio
745 2269 781 2326 et
800 2261 978 2328 voluntate
1004 2263 1278 2331 adversariorum

160 2428 164 2437 ,
345 2364 431 2450 omis
446 2361 518 2428 eod-
602 2362 757 2439 tractari,
793 2361 977 2427 secundum
1010 2363 1097 2429 illud
1127 2364 1278 2444 Senecae,

139 2442 161 2535 f
338 2463 453 2549 ,siais
600 2457 779 2525 ‘Arbitrio
793 2461 922 2527 inimici
939 2464 1277 2530 donatianos:

185 2620 236 2633 -
278 2586 534 2671 isoaofaoos
578 2583 740 2651 infelices.

95 2710 105 2765 ,²
184 2748 235 2764 ...
278 2712 330 2788 30,
339 2710 447 2795 smido
578 2707 684 2773 fundo
701 2716 737 2773 et
750 2710 897 2776 sentina.

77 2858 83 2877 ¹
184 2875 235 2888 -
278 2837 330 2913 31,
348 2836 423 2901 sod.
439 2884 468 2902 ..
486 2859 532 2904 ro
579 2838 616 2897 et
631 2833 777 2899 multum
794 2833 1018 2901 desideratus.

343 2945 453 3021 portos

184 3097 235 3112 -
277 3060 329 3137 35,
346 3081 490 3147 mousom
578 3056 863 3123 inaestimabilem.

186 3182 238 3258 30,
279 3184 331 3260 10,
346 3183 490 3251 imnis
579 3182 738 3246 humanis
750 3182 982 3267 disponendis.

184 3343 236 3357 —
279 3307 331 3384 13,
349 3308 484 3395 irroyuto
581 3307 615 3371 0.
639 3308 765 3373 inserts
792 3306 885 3385 here,
915 3308 1026 3373 ‘Cum
1053 3315 1167 3374 antem
1194 3310 1275 3376 Hu-

601 3407 718 3471 bertus
742 3408 785 3473 de
809 3407 928 3490 Burgo
953 3408 996 3473 de
1023 3408 1173 3475 adventu
1201 3418 1274 3476 tam

601 3506 807 3571 formidabili
821 3508 1078 3587 certificaretur,
1095 3510 1184 3575 dixit
1200 3512 1273 3595 epi·

602 3626 707 3690 scopo
721 3605 952 3673 wintoniensi
967 3617 1003 3674 et
1014 3608 1220 3675 Marescallo
1238 3619 1274 3677 et

605 3707 683 3772 aliis
697 3708 928 3789 magnatibus,
945 3708 1005 3774 ‘Si
1024 3707 1098 3774 haec
1120 3729 1205 3792 gens
1222 3711 1274 3775 in·

601 3807 733 3870 demnis
755 3805 920 3888 Angliam
945 3808 1169 3891 ingrediatur,
1195 3830 1275 3894 pro-

601 3905 760 3971 culdubio
798 3907 977 3972 amittitur.
1046 3907 1275 3974 occurramus

600 4004 708 4088 igitur
733 4005 885 4071 animose
912 4006 973 4085 eis,
996 4007 1080 4090 quia
1098 4009 1274 4074 nobiscnm

601 4113 656 4170 est
685 4104 793 4183 Deus,
824 4106 961 4189 quando
992 4114 1109 4171 autem
1137 4126 1273 4172 excom·

601 4205 843 4271 municantur.’
910 4205 975 4270 Cui
1013 4207 1274 4290 responderunt,

601 4304 705 4369 ‘Non
735 4324 855 4369 sumus
892 4306 1016 4370 milites
1052 4307 1169 4385 maris,
1204 4327 1273 4373 non

601 4405 737 4486 piratae,
753 4424 822 4469 non
839 4405 1039 4488 piscatores,
1052 4406 1140 4471 vade
1158 4414 1273 4474 autem

602 4512 641 4570 tu
665 4504 775 4569 mori!
817 4504 1001 4571 Divertens
1025 4505 1133 4593 igitur
1150 4527 1272 4592 parum

602 4625 623 4669 a
650 4605 726 4670 loco
751 4606 942 4685 liebertus,
962 4612 1087 4673 vocato
1105 4606 1195 4674 clam
1217 4627 1272 4674 ca-
