3334 5734
379 735 447 802 226
748 750 946 801 anemonas
971 748 1104 801 vaura.

383 877 440 915 PAO·
472 877 524 914 un.

386 937 439 1019 73,
475 937 729 1023 saprsdtour..
778 938 979 1022 pradictum
1006 935 1253 1001 Saracenorum
1286 934 1473 1000 multitudi-

546 1038 722 1103 orricium
800 1057 879 1103 uem
896 1035 1113 1103 Christianis.

387 1162 438 1242 75,
501 1166 531 1241 5,
548 1160 684 1228 Oratae
778 1161 872 1227 addit
890 1160 1014 1237 Paris,
1032 1158 1116 1242 Ipso
1130 1178 1266 1244 quoque
1283 1178 1373 1225 anno
1390 1158 1477 1224 Wil-

800 1261 935 1338 lelmus‚
959 1259 1002 1324 do
1031 1267 1162 1324 sancta
1184 1258 1307 1323 Maria
1330 1258 1474 1324 ecclesia

802 1360 1031 1426 Loudiueusis
1063 1359 1257 1443 episcopus,
1290 1359 1477 1441 resignavit

801 1469 925 1544 sponte
943 1460 1177 1543 episcopatum
1200 1478 1302 1522 suum
1322 1458 1359 1523 in
1386 1477 1477 1523 cras-

803 1561 876 1626 tino
921 1559 1154 1625 conversionis
1205 1558 1318 1623 sancti
1363 1557 1475 1623 Pauli.

804 1659 1010 1725 Eustachius
1037 1659 1080 1723 de
1101 1659 1371 1741 Faucumberge,
1393 1666 1473 1722 tuuc

804 1760 968 1825 scaccarii
995 1758 1239 1835 thesaurarius,
1271 1759 1393 1842 quinto
1419 1777 1473 1822 ca-

803 1859 922 1925 lendas
953 1858 1074 1924 Martii
1101 1859 1138 1922 in
1164 1858 1363 1942 episcopum
1384 1857 1472 1922 Lon·

803 1960 978 2025 diueusem
999 1957 1158 2040 eligitur3
1185 1957 1284 2041 cujus
1305 1957 1428 2023 electio
1451 1978 1472 2022 a

802 2060 921 2143 legato
948 2056 1153 2141 Pandulpho
1179 2057 1410 2134 confirmatur,
1440 2065 1473 2121 et

803 2158 950 2243 septimo
972 2157 1134 2223 calendas
1151 2156 1237 2221 Maii
1255 2157 1347 2240 apud
1360 2156 1471 2222 West-

803 2258 1048 2324 monasterium
1082 2265 1312 2323 consecratur.
1374 2255 1473 2321 Anno

804 2358 923 2425 eodem
944 2357 1093 2423 cessavit
1116 2356 1245 2439 legatio
1270 2356 1470 2442 Pandulphi,

805 2459 882 2543 ipso
896 2457 1044 2522 Romam
1057 2463 1258 2522 revertente.
1302 2456 1471 2521 Henricus

804 2578 869 2623 rex
892 2557 988 2622 dedit
1002 2555 1219 2634 Alexandro,
1241 2557 1315 2640 regi
1336 2556 1472 2633 Scotiae,

804 2656 828 2722 J
830 2656 1001 2723 channam
1023 2675 1176 2721 sororem
1195 2674 1294 2720 suam
1311 2657 1473 2721 seniorem

805 2757 843 2822 iu
862 2776 1016 2834 uxorem,
1034 2775 1112 2839 quaa
1132 2756 1342 2840 desponsata
1357 2755 1423 2821 fuit
1437 2757 1471 2820 iu

805 2856 956 2922 crastino
982 2855 1095 2921 sancti
1112 2854 1135 2920 J
1138 2854 1284 2920 ohannis
1307 2856 1473 2940 Baptista

806 2956 898 3041 apud
910 2956 1114 3032 Eboracum,
1131 2963 1166 3020 et
1181 2957 1408 3039 presentibus
1427 2958 1475 3040 ip·

805 3057 853 3120 sis
876 3056 1013 3138 regibus
1032 3062 1114 3121 sunt
1135 3056 1264 3139 nuptiae
1282 3056 1475 3122 solemniter

804 3155 1006 3235 celebratae3
1045 3154 1225 3220 Hubertus
1264 3176 1402 3242 quoque
1435 3155 1475 3222 de

806 3254 924 3338 Burgo
951 3274 1102 3320 sororem
1131 3254 1213 3320 dicti
1237 3256 1329 3338 regis
1352 3256 1475 3321 Scotite

804 3355 841 3418 in
855 3355 932 3438 ipsa
947 3355 1088 3420 civitate
1104 3354 1312 3420 Eboraceusi
1326 3355 1429 3421 duxit
1441 3357 1475 3420 iu

805 3473 960 3518 uxorem.
1011 3453 1095 3538 Ipso
1119 3474 1255 3539 quoque
1278 3474 1370 3520 auno
1395 3455 1476 3520 obiit

804 3552 999 3619 Willelmus
1021 3553 1065 3619 de
1088 3552 1267 3633 Albeneio,
1294 3574 1410 3620 comes
1437 3555 1477 3619 de

811 3652 978 3731 arundel,
998 3654 1035 3717 in
1053 3654 1209 3738 partibus
1230 3654 1477 3733 transmarinis,

806 3772 828 3817 a
855 3752 1019 3819 Damiata
1045 3754 1201 3834 redieus;
1227 3754 1327 3840 cujus
1352 3774 1474 3838 corpus

804 3871 867 3937 per
885 3851 1053 3919 Thomam
1074 3852 1277 3919 monachum
1296 3854 1339 3919 de
1356 3863 1474 3920 sancto

805 3950 943 4018 Albano
964 3953 1001 4018 iu
1026 3951 1189 4036 Angliam
1211 3960 1475 4038 transportatur,

805 4052 898 4135 apud
924 4051 1170 4117 Wimuudham
1204 4054 1316 4119 sancti
1352 4052 1475 4119 Albani

805 4152 1007 4235 prioratum,
1021 4153 1121 4237 cujus
1142 4152 1216 4236 ipse
1231 4173 1346 4219 comes
1363 4162 1474 4237 patro-

804 4270 871 4317 uus
897 4251 1022 4329 fuerat,
1048 4251 1298 4319 tumulandum.
1350 4253 1473 4318 Eusta-

803 4350 913 4429 chius,
926 4350 1153 4417 Loudinensis
1168 4353 1361 4437 episcopus,
1379 4343 1485 4438 petiit

805 4452 849 4514 ab
879 4451 1004 4518 abbate
1033 4451 1209 4518 Willelmo
1240 4460 1276 4518 et
1306 4462 1473 4520 conventu

802 4549 1162 4617 westmonasteriensi
1210 4554 1473 4637 processionem,
