3334 5734
383 749 449 816 812
747 757 945 809 moriones
966 757 1096 809 viarm

384 889 458 1030 3303,
474 887 530 1025 gl,
546 946 694 1031 ambr.
703 994 727 1012 ..
775 945 834 1010 sed
848 944 1002 1028 quolibet
1017 943 1153 1010 bomine
1166 943 1286 1029 major,
1299 963 1382 1026 ergo
1393 962 1463 1007 ma·

545 1046 693 1112 mnis
791 1045 851 1129 jor
864 1044 1017 1126 quolibet
1025 1046 1112 1122 cive,
1125 1044 1181 1110 vel
1197 1045 1300 1110 etiam
1316 1063 1398 1126 rege
1411 1042 1464 1108 vel

797 1144 1011 1227 imperatore.

384 1311 435 1325 -
477 1270 530 1344 24,
545 1265 697 1353 abietes,
776 1268 961 1352 subjectos,
993 1269 1096 1334 etiam
1129 1267 1267 1334 deviare
1299 1266 1462 1342 volentes,

547 1366 629 1432 sade
798 1367 834 1432 in
847 1368 938 1433 viam
951 1366 1095 1451 dirigere
1110 1368 1275 1433 veritatis.

385 1493 460 1567 323,
499 1493 531 1568 3,
547 1487 678 1555 saboim
775 1490 1064 1569 additParis.,est.
1077 1489 1464 1570 Praeterea,comitatum

798 1610 910 1667 suum,
931 1590 1022 1674 quod
1043 1590 1232 1656 inauditnm
1250 1597 1304 1656 est
1319 1608 1382 1654 nec
1405 1608 1465 1652 au·

797 1698 856 1755 tea
876 1689 1017 1767 facturn,
1041 1691 1140 1755 metis
1162 1689 1261 1755 novis
1282 1696 1318 1754 et
1332 1688 1465 1771 amplis,

794 1788 937 1873 jubente
950 1797 1119 1868 senatore,
1131 1788 1314 1854 volucrunt
1328 1787 1393 1852 sibi
1408 1805 1465 1870 ap-

798 1889 985 1972 propriare,
1012 1897 1047 1954 et
1068 1889 1325 1971 appropriatum
1343 1886 1463 1951 intitu-

799 1986 871 2052 lare
892 1987 991 2053 novis
1005 1987 1360 2071 suprascriptionibus.
1409 1983 1463 2049 Ad

799 2084 865 2152 hoc
885 2086 1061 2170 respondit
1079 2086 1236 2152 dominus
1254 2104 1357 2170 papa,
1377 2084 1464 2168 quod

799 2185 888 2250 infra
910 2194 1018 2251 metas
1038 2186 1117 2251 illas
1135 2187 1352 2252 continentur
1373 2202 1464 2266 qua·

799 2283 879 2349 dam
903 2285 1033 2368 praedia
1056 2294 1092 2351 et
1114 2285 1218 2350 etiam
1243 2282 1402 2349 civitates
1429 2287 1463 2345 et

799 2390 925 2461 castra,
942 2391 1062 2468 utpote
1076 2383 1269 2450 Viterbium
1289 2383 1411 2448 civitas
1430 2386 1464 2445 et

739 2505 765 2550 rr
798 2479 1016 2547 Altus-mons
1031 2491 1195 2562 castrum,
1205 2502 1284 2567 quac
1296 2480 1385 2546 infra
1398 2500 1462 2544 me-

798 2580 947 2646 tosillas
963 2582 1193 2661 continentur,
1216 2601 1303 2666 quas
1322 2580 1462 2645 comita·

798 2679 850 2744 tui
868 2698 933 2746 suo
954 2681 1129 2774 assignare
1150 2687 1379 2766 praesumunt;
1403 2677 1460 2742 sed

798 2777 946 2843 alienum
965 2780 1031 2845 sibi
1052 2782 1221 2847 ascribme
1240 2788 1276 2845 et
1287 2797 1461 2862 usurpare,

798 2876 965 2961 injustum
977 2887 1041 2946 est.

361 3007 432 3114 33,-
496 3008 527 3083 8,
545 3012 707 3070 cmuciatu
776 3009 970 3068 contestata
987 3010 1022 3069 et
1037 3004 1283 3090 praeventilata.

383 3164 435 3176 -
478 3129 529 3205 13,
545 3127 727 3213 picenat-
776 3123 820 3189 ad
845 3125 899 3190 sui
923 3127 1129 3212 adjutorium
1147 3129 1259 3212 ipsum
1284 3129 1465 3213 imperato·

547 3236 686 3292 trasorat
797 3244 869 3288 rem
886 3226 1058 3293 attrahere
1068 3228 1304 3307 moliebantur,
1318 3229 1379 3294 sed
1393 3231 1464 3314 ipse

801 3323 916 3407 potius
933 3334 1053 3391 contra
1068 3347 1139 3392 eos.

382 3485 433 3496 -
477 3448 527 3526 16,
547 3448 633 3513 lam
650 3496 658 3512 .
674 3494 682 3512 .
698 3494 725 3513 ..
777 3448 876 3513 Tunc
892 3451 1063 3516 exercitus
1078 3452 1202 3516 summi
1216 3452 1400 3536 pontificis,
1413 3452 1465 3518 cui

540 3548 693 3632 pestfficis
798 3547 1066 3631 preeratcomes
1075 3549 1464 3635 Tholosanus,quoerens

798 3648 957 3729 gratiam,
968 3657 1003 3714 ct
1017 3650 1196 3732 episcopus
1207 3650 1464 3728 wintoniensis,

797 3765 900 3829 quem
916 3746 1072 3813 dominus
1086 3768 1178 3833 papa
1195 3750 1316 3815 callide
1329 3751 1466 3816 vocavit

798 3845 843 3909 ad
856 3848 1043 3911 exercitum
1060 3867 1159 3912 suum
1178 3849 1375 3933 regendum,
1395 3856 1465 3915 tum

798 3952 938 4028 propter
951 3945 1102 4011 thesauri
1119 3949 1373 4027 abundantiam,
1395 3956 1466 4013 tum

796 4050 937 4127 propter
950 4044 1118 4111 militandi
1134 4049 1303 4132 peritiam,
1320 4056 1356 4114 et
1368 4066 1465 4113 exer·

797 4142 887 4207 citus
901 4141 1128 4227 imperatoris.

381 4305 431 4319 -
480 4260 534 4343 27,
549 4272 577 4329 st
593 4265 725 4351 impora-
776 4266 899 4350 quibus
928 4277 1099 4350 praeerant
1122 4270 1280 4335 instructi
1304 4270 1409 4335 armis
1433 4276 1467 4335 et
1558 4350 1560 4354 ¹

541 4363 617 4429 toris
796 4365 861 4429 viri
882 4365 1014 4431 bellicis
1030 4371 1176 4451 negotiis
1191 4369 1384 4448 exercitati,
1400 4370 1464 4436 sci-

796 4463 877 4528 licet
894 4463 1108 4532 cismontani
1123 4476 1158 4535 et
1175 4468 1266 4534 acies
1282 4469 1385 4535 simul
1405 4470 1465 4534 im·

796 4564 974 4645 potatoris.
