3334 5734
562 756 759 806 uxcrrorrrs
786 756 918 806 vnarrn.
1221 740 1286 807 ltu

239 941 373 1005 vocatis
400 940 507 1023 igitur
537 939 655 1005 amicis
682 958 906 1024 quoscunque
935 946 1083 1023 poterat,
1106 938 1284 1005 consessus

239 1048 345 1105 estse
360 1041 470 1104 multa
491 1047 635 1124 peccata
653 1047 883 1123 perpetrasse,
909 1039 983 1118 sed,
1008 1039 1100 1105 unde
1120 1039 1199 1123 plus
1219 1039 1285 1104 sibi

240 1140 394 1218 timebat,
409 1139 501 1222 quod
516 1141 640 1205 amotis
654 1138 829 1204 monachis
840 1137 1129 1204 Coventrensibus
1144 1138 1286 1205 clericos

241 1239 479 1315 substituerat,
495 1240 554 1323 qui
571 1239 652 1322 vagi
667 1246 703 1304 et
718 1239 952 1304 mendicantes
968 1239 1034 1304 sibi
1048 1245 1087 1304 nt
1102 1246 1287 1324 potuerant

242 1340 479 1404 consulebant.
531 1338 671 1403 Etcum
691 1338 911 1403 haesitassent
927 1338 1104 1403 audientes
1126 1337 1209 1422 quid
1224 1339 1288 1402 im-

241 1458 300 1503 mo
316 1438 536 1524 injungerent
551 1437 582 1502 ei
598 1437 688 1503 dixit
704 1437 899 1522 episcopus,
915 1438 1017 1503 ‘Scio
1034 1437 1126 1521 quod
1148 1445 1288 1520 propter

242 1537 327 1602 facti
356 1539 593 1602 enormitatem
620 1536 702 1620 quid
729 1537 921 1622 injungatis
950 1538 1162 1620 poenitentiae
1190 1537 1287 1601 dubi·

242 1638 339 1703 tatis.
379 1636 523 1702 Postulo
545 1637 732 1701 Dominum
749 1657 860 1701 meum
879 1636 1014 1721 justum
1036 1645 1071 1701 et
1095 1636 1287 1701 misericor·

244 1736 322 1801 dem
344 1744 384 1802 ut
403 1738 468 1801 sim
490 1737 527 1801 in
546 1736 747 1821 purgatorio
773 1756 882 1820 usqne
909 1737 953 1801 ad
978 1736 1068 1800 diem
1090 1736 1225 1820 judicii,
1247 1743 1288 1801 ut

245 1836 369 1902 saltem
383 1844 465 1901 tunc
480 1836 622 1917 salver3'
647 1835 803 1920 dixitque
817 1835 935 1901 abbati
954 1836 996 1900 de
1020 1836 1144 1914 Becco,
1163 1835 1223 1919 qui
1238 1835 1286 1900 ibi

246 1944 333 2014 erat,
348 1935 523 2000 ‘Obsecro
545 1942 586 2000 nt
606 1935 774 2000 concedas
800 1934 884 1999 mihi
902 1942 942 2000 ut
965 1935 1092 2000 moriar
1111 1935 1150 1999 in
1169 1934 1288 2000 habitu

247 2043 364 2100 vestro
391 2035 427 2099 in
454 2035 582 2101 diaboli
610 2034 855 2112 confusionem,
881 2034 980 2118 cujus
1010 2035 1175 2100 instinctu
1199 2052 1288 2117 proe·

247 2133 341 2200 dicta
371 2134 579 2219 perpetravi,
612 2143 648 2200 ct
675 2134 711 2198 in
738 2134 918 2199 monastici
943 2133 1071 2198 ordinis
1102 2132 1288 2200 honorem.’

249 2234 296 2298 Et
322 2234 372 2299 sic
398 2234 523 2317 legatis
545 2233 702 2299 omnibus
725 2240 761 2298 et
786 2231 877 2298 datis
903 2234 1124 2318 pauperibus,
1147 2238 1291 2317 accepto

248 2332 371 2399 salutis
394 2334 521 2398 viatico
548 2340 584 2398 ct
603 2334 764 2398 inunctus
786 2333 851 2398 rite
872 2332 1083 2399 infirmorum
1098 2333 1188 2410 oleo,
1202 2331 1290 2397 divi·

248 2453 329 2499 nam
346 2433 511 2498 invocans
527 2433 791 2497 misericordiam
805 2431 965 2517 spiritum
977 2432 1135 2498 reddidit.
1173 2430 1289 2511 Quod,

248 2534 513 2617 procurantibus
532 2531 591 2615 qni
612 2532 691 2597 buic
708 2532 848 2597 eventui
867 2532 1066 2610 intererant,
1087 2531 1189 2597 simul
1210 2550 1288 2595 cum

250 2632 427 2697 monachis
466 2631 631 2717 expulsis,
667 2651 744 2696 cum
777 2631 914 2696 domino
948 2651 1048 2714 papae
1081 2631 1289 2706 innotuerat,

248 2732 413 2816 praecepit
446 2739 486 2797 ut
517 2731 671 2815 expulsis
706 2730 839 2795 clericis
868 2730 1090 2806 secularibus,
1120 2728 1180 2813 qni
1213 2730 1287 2815 Jam

250 2831 417 2897 dissolute
428 2838 464 2896 et
473 2831 657 2896 enormiter
674 2830 843 2906 vivebant,
861 2829 1019 2895 monachi
1036 2837 1289 2895 revocarentur.

251 2931 299 2996 Et
314 2930 475 3014 quoniam
488 2930 582 3013 prior
596 2929 688 2994 illius
708 2928 776 2993 loci
799 2928 973 2994 monachis
992 2928 1210 2994 exulantibus
1231 2927 1291 2993 de·

249 3030 388 3094 functus
406 3029 481 3115 jam
498 3029 622 3106 luerat,
643 3027 918 3112 archiepiscopus
937 3027 1196 3093 Cantnariensis
1213 3026 1290 3091 Hu-

250 3130 381 3207 bertns,
403 3130 465 3213 qni
489 3130 726 3194 executionem
753 3127 1015 3193 introductionis
1036 3145 1059 3191 a
1076 3145 1168 3211 papa
1195 3145 1290 3192 acce·

251 3236 362 3312 perat,
378 3227 530 3314 praesecit
543 3229 592 3293 eis
609 3228 755 3312 priorem
777 3226 912 3292 nomine
929 3226 953 3291 J
956 3227 1136 3305 oibertum,
1154 3228 1292 3292 natione

254 3328 503 3402 Normannnm‚
517 3329 577 3412 qni
595 3335 735 3413 propter
758 3326 975 3391 eminentiam
989 3326 1180 3410 prudentiae
1195 3345 1293 3391 secu·

251 3429 334 3493 laris
349 3438 419 3494 tres
434 3428 616 3512 prioratus,
635 3426 679 3491 de
692 3426 881 3503 Dareutre,
898 3424 940 3490 de
958 3426 1135 3502 weneloc,
1151 3424 1195 3490 de
1207 3427 1292 3491 Ber-

251 3528 461 3606 mundescia,
477 3533 674 3610 susceperat
686 3525 730 3590 ad
743 3524 951 3608 regendum
969 3525 1029 3610 qui
1040 3526 1204 3593 continno
1214 3544 1291 3591 cum

251 3627 395 3693 consilio
408 3626 651 3692 monachornm
667 3625 710 3691 de
724 3625 890 3690 electiorm
905 3626 1055 3709 episcopi
1074 3633 1224 3691 tractare
1240 3626 1293 3690 in-

252 3727 394 3810 cipiens,
418 3727 589 3792 communi
615 3725 859 3791 deliberatione
888 3723 1093 3790 Gaulridum
1124 3724 1168 3791 de
1197 3724 1293 3790 Mus·

251 3827 377 3911 cbamp
393 3826 591 3909 elegerunt?

214 3967 271 4005 m.
294 3966 348 4005 111.

204 4027 279 4106 127,
315 4028 568 4104 &matricem
602 4028 820 4093 indicatione.

201 4187 254 4200 -
298 4154 351 4229 11,
369 4152 460 4237 quari
600 4171 749 4236 quoque.

204 4276 278 4352 128,
317 4273 552 4351 aamercort
603 4271 879 4338 Bermundescia.

202 4433 254 4445 —
300 4399 352 4473 19,
368 4397 404 4460 ic
419 4396 538 4482 capello
600 4396 709 4499 'dasem
723 4417 745 4460 c
764 4397 811 4460 Ca.
828 4404 856 4459 ct
870 4395 912 4459 R.

367 4506 477 4561 sancta
486 4496 554 4559 Ka·

368 4595 492 4660 theriac
