3334 5734
567 758 766 809 menturae
788 760 921 808 vaura.
1223 744 1287 809 129

192 884 250 1023 39⁰,
285 885 471 1021 1{ididam
589 943 675 1010 This
690 945 833 1028 chapter
846 945 877 1010 is
892 946 1047 1029 wanting
1061 945 1097 1011 iu
1116 947 1164 1013 Oa.

191 1104 243 1118 —
284 1104 336 1117 -
358 1070 520 1136 (ιύαήπαε
588 1070 754 1151 magister
771 1069 947 1136 Guarinus
961 1070 1107 1136 scientia
1129 1078 1164 1135 et
1181 1070 1284 1136 mori·

609 1169 674 1233 bus
690 1169 865 1251 praeditus.

189 1327 242 1339 —
284 1293 337 1369 29,
353 1292 510 1358 Jolaana
588 1293 754 1375 magister
769 1292 958 1369 Johannes,
981 1293 1092 1358 dictus
1111 1292 1154 1356 de
1172 1290 1282 1370 Cella,

608 1392 663 1455 vir
676 1392 837 1456 maximae
850 1391 1027 1474 religionis
1041 1399 1076 1457 et
1092 1392 1256 1457 scientiae.

188 1514 243 1591 90,
305 1516 335 1590 1,
350 1516 511 1581 monaedes
586 1514 824 1696 efflemsi,
845 1523 881 1580 et
903 1517 998 1599 prior
1017 1517 1113 1582 cellae
1139 1516 1181 1580 de
1195 1515 1281 1581 Wa-

187 1774 239 1788 -
304 1737 469 1823 astrepit
585 1738 678 1803 addit
708 1740 833 1820 Paria,
865 1743 936 1807 Sub
974 1741 1092 1807 eodem
1129 1749 1282 1825 tempore

607 1840 701 1921 prior
725 1840 905 1925 hospitalis
931 1841 1148 1906 Hierusalem
1167 1840 1279 1905 factus

607 1948 660 2004 est
676 1940 856 2024 episcopus
872 1941 914 2007 de
929 1942 1081 2024 Baugor.
1132 1939 1278 2005 Eodem-

607 2058 674 2122 qne
703 2058 794 2106 anno
824 2041 909 2106 obiit
941 2041 1049 2124 Hugo
1080 2039 1123 2105 de
1154 2038 1276 2114 Pusaz,

605 2138 787 2222 episcopus
815 2140 1067 2217 Duuelmensis,
1091 2146 1127 2204 et
1152 2138 1277 2204 Henri-

605 2256 666 2302 cus
682 2239 863 2323 episcopus
879 2238 1128 2322 wigornensis.

183 2398 238 2410 —
281 2359 334 2435 32,
348 2356 401 2421 Ea
584 2361 713 2428 Eadem
730 2382 878 2447 quoque.

182 2481 240 2558 92»
280 2477 333 2557 37,
351 2489 505 2546 ‘rammo-
584 2484 671 2550 Cum
695 2487 769 2553 haec
795 2496 910 2553 autem
931 2488 975 2553 ad
1001 2488 1093 2571 regis
1118 2487 1276 2552 notitiam

349 2580 454 2644 risam
604 2587 850 2669 pervenissent,
883 2589 957 2672 ipse
987 2593 1147 2671 prompta
1171 2586 1276 2650 devo·

605 2687 698 2751 tione
722 2687 895 2753 animatus
924 2686 1011 2751 alios
1043 2694 1201 2750 strenuos
1232 2684 1275 2749 ad

604 2804 691 2868 opus
717 2785 839 2863 crucis,
870 2786 1019 2851 maxime
1048 2805 1135 2868 quos
1161 2784 1277 2848 multi·

602 2883 738 2967 pliciter
764 2884 991 2962 exaltaverat,
1021 2883 1179 2948 alacriter
1201 2883 1275 2947 ani·

602 2984 731 3063 mahat,
772 2983 984 3067 persuadens
1027 2990 1066 3046 ut
1100 2990 1170 3047 tam
1212 3001 1275 3065 pro

462 3129 467 3140 .
603 3083 712 3167 ipsius
731 3083 822 3164 regis
844 3081 967 3159 salute,
993 3101 1096 3166 quam
1121 3081 1274 3146 molestae

602 3181 815 3265 promotione
841 3188 876 3246 et
901 3182 1112 3264 propriarum
1142 3180 1275 3244 anima·

603 3300 678 3344 rum
699 3280 823 3355 salute,
845 3280 890 3344 ad
907 3280 1057 3346 laborem
1072 3279 1274 3362 praedictum

601 3379 735 3462 accingi
748 3399 816 3443 non
830 3379 1048 3463 pigritarent;
1066 3386 1112 3456 et,
1124 3385 1274 3461 ntquos-

601 3478 680 3542 dam
710 3478 789 3543 huic
820 3477 949 3543 salubri
975 3477 1197 3542 admonitioni
1222 3496 1272 3540 re·

600 3577 705 3642 belles
728 3577 864 3642 civilius
889 3577 1161 3660 reprehenderet,
1184 3595 1273 3659 prae-

600 3675 761 3742 dicatoris
779 3675 923 3741 sormam
942 3677 1086 3741 induens
1103 3675 1191 3739 hanc
1207 3674 1270 3738 fre·

599 3784 743 3857 quanter
771 3772 971 3858 parabolam
1005 3772 1271 3839 circumsidenti-

599 3875 664 3939 bus
677 3874 868 3957 replicavit.

649 3973 748 4039 Tunc
767 3993 848 4038 vero
875 3971 1036 4055 temporis
1057 3970 1202 4052 contigit
1230 3970 1273 4034 de

599 4072 749 4157 quodam
771 4073 847 4137 cive
859 4070 1008 4149 Veneto,
1025 4070 1131 4135 divite
1143 4068 1274 4132 scilicet

600 4180 636 4237 et
668 4192 786 4248 avaro,
816 4170 978 4255 quiddam
1009 4170 1118 4235 relatu
1146 4168 1272 4250 dignis·

599 4272 734 4349 simum,
765 4270 856 4354 quod
890 4277 1030 4354 propter
1059 4268 1270 4349 ingratorum

599 4371 853 4436 multitudinem
870 4370 949 4433 huic
961 4368 1096 4452 paginae
1108 4366 1270 4431 duximus

599 4470 827 4534 inserendum.
872 4468 967 4534 Civis
982 4467 1088 4550 igitur
1103 4484 1270 4532 memora·

1098 4583 1120 4630 κ
