3334 5734
535 781 536 784 ¹
560 764 760 817 nneriouus
781 764 912 814 vinis.
1240 751 1284 815 57

192 892 268 1033 fiii,
281 892 335 1033 ἕξ,
348 951 467 1020 most
585 950 677 1018 addit
698 950 823 1030 Puris,
848 950 1119 1037 equestribuset
1133 950 1210 1017 uliis
1232 951 1282 1016 in-

607 1050 726 1117 finitis.

190 1212 241 1226 —
285 1176 338 1256 27,
354 1187 527 1243 ceterorum
586 1175 749 1241 omniurn.

194 1343 245 1355 -
288 1303 340 1380 28,
357 1301 505 1366 solidavit
585 1301 762 1368 animavit.

195 1425 269 1502 182,
308 1427 339 1502 3,
348 1426 541 1511 potissimum
587 1425 834 1509 potentissime,
851 1425 1122 1508 potentissimus.

192 1586 243 1600 -
307 1551 339 1626 9,
357 1558 483 1615 mentor
587 1568 669 1614 suos
690 1556 842 1614 retentos
866 1550 1048 1633 conspexit
1068 1556 1193 1616 octavo
1220 1548 1282 1615 kn-

354 1651 507 1735 mpms
609 1649 729 1714 roncas
746 1648 845 1714 nan.

192 1813 243 1825 -
286 1770 465 1849 sonmo
588 1772 763 1839 eridano.

192 1938 243 1950 -
285 1898 507 1983 {lapsantis
588 1897 785 1981 praecelles.’
829 1898 899 1963 Hic
914 1897 1122 1964 constitutus
1136 1898 1283 1965 estordo

610 1998 853 2064 canonicorum
869 1998 1079 2063 saresbiriae.

195 2122 268 2199 183,
284 2123 338 2199 13,
350 2123 542 2209 masopane
587 2122 680 2190 addit
712 2122 837 2201 Parin,
869 2122 1000 2188 Eodem
1028 2129 1180 2206 tempore
1209 2123 1282 2188 dux

612 2222 796 2301 Robertus,
806 2225 983 2287 immemor
996 2222 1089 2288 illius
1106 2223 1187 2288 boni
1200 2241 1282 2289 con·

611 2322 680 2387 silii
711 2314 997 2387 ‘Humilinmini¹
1045 2323 1110 2387 snb
1152 2324 1285 2407 potenti

610 2422 738 2501 meun,’
750 2423 787 2487 iu
800 2421 993 2505 ampullosa
1005 2421 1111 2486 verba
1124 2431 1160 2487 et
1172 2423 1282 2488 mines

610 2522 780 2606 prorupit,
810 2521 908 2586 salsis
936 2521 1100 2605 pollicitis
1130 2531 1166 2587 et
1193 2542 1282 2605 pree·
1391 2572 1395 2577 -

610 2621 709 2704 cipue
730 2621 865 2686 comitis
887 2619 1079 2685 Cestrensis
1098 2622 1280 2688 animatus.

610 2719 775 2803 Deceptis
790 2721 897 2802 igitur
911 2720 1121 2800 custodibus,
1137 2729 1281 2787 conatus

610 2827 663 2884 est
676 2820 842 2898 evadere;
866 2819 926 2884 sed
940 2818 1074 2902 fugiens
1094 2823 1138 2885 ab
1154 2822 1279 2886 eisdem

609 2927 731 3002 ceptus
751 2926 816 2997 est,
838 2918 991 2984 incidens
1014 2939 1077 2984 sno
1096 2938 1222 2986 manno
1245 2922 1281 2986 in

611 3018 762 3083 bitumen
788 3017 1004 3101 profundum.
1067 3018 1195 3084 Fuerat
1219 3038 1280 3085 nu·

610 3123 681 3182 tem
709 3125 904 3182 reverenter
929 3117 965 3182 in
993 3116 1100 3182 libere
1127 3120 1283 3185 custodie

611 3216 780 3281 detentus.
832 3215 936 3295 Quod
957 3236 1033 3282 eum
1051 3217 1125 3300 regi
1145 3220 1281 3284 nuntie·

611 3324 718 3392 retur,
728 3316 834 3399 jussit
849 3334 938 3394 eum,
953 3317 1090 3381 arctiori
1104 3320 1233 3384 carceri
1245 3326 1281 3385 et

611 3415 776 3481 custodiae
797 3416 1039 3500 mancipatum,
1056 3415 1201 3501 fulgenti
1220 3420 1281 3485 ob·

611 3514 744 3580 stuculo
756 3514 931 3580 oculorum
945 3515 1021 3581 lnce
1032 3517 1172 3599 privari.
1200 3518 1280 3584 Mu·

610 3615 739 3679 tutoris
749 3621 864 3680 nutem
879 3616 978 3698 quusi
993 3635 1058 3681 sua
1071 3617 1104 3681 ei
1119 3637 1187 3684 non
1203 3620 1280 3683 suo

610 3714 729 3779 traxit.
761 3713 845 3779 Dux
856 3733 938 3779 vero
949 3734 994 3780 ex
1007 3715 1067 3780 ille
1076 3715 1162 3782 horn
1172 3738 1281 3802 nsque

610 3812 653 3877 ed
669 3820 813 3878 mortem
829 3820 943 3879 mente
957 3822 993 3878 et
1007 3833 1148 3898 corpore
1165 3817 1282 3882 incon·

610 3911 745 3976 solubili
754 3913 871 3978 dolore
881 3914 1068 3979 contabuit.
1108 3915 1186 3982 Rex
1198 3935 1280 3982 vero

609 4030 653 4075 ex
670 4013 763 4076 omni
776 4012 971 4095 suspicione
986 4013 1149 4078 liberatus
1166 4014 1281 4099 dedig-

610 4111 768 4189 nabatur,
785 4132 863 4195 qnae
880 4112 1094 4195 promiserat,
1111 4116 1282 4197 magneti·

609 4211 673 4274 bns
689 4212 761 4275 suis
775 4211 974 4295 adimplere,
985 4212 1095 4277 mines
1109 4214 1210 4278 minis
1227 4234 1280 4281 uc·

608 4310 826 4388 cumulando,
859 4312 919 4394 qui
950 4330 1067 4376 omues
1103 4316 1282 4397 conquesti

607 4416 688 4474 snut
704 4429 819 4475 corum
838 4411 914 4475 Deo
928 4410 1094 4477 ultionum
1111 4413 1271 4481 Domino.

539 4613 754 4678 monument]
772 4619 782 4663 1
799 4615 856 4666 Pet.
867 4631 892 4666 v.
904 4619 930 4665 6.
