3334 5734
399 786 464 853 lffl
762 801 958 851 nncrmsns
985 801 1119 851 vsars.

400 987 544 1063 ballivis,
567 994 603 1050 et
623 985 780 1050 omnibns
801 984 864 1049 bas
889 985 1006 1050 literas
1022 985 1159 1064 visuris,
1181 986 1340 1053 salntem
1391 989 1483 1070 Quo·

400 1088 491 1152 niam
512 1088 602 1152 inter
621 1104 685 1150 nos
706 1092 742 1150 et
758 1084 971 1151 vencmbiles
987 1092 1104 1169 patres
1120 1093 1257 1152 nostros
1272 1087 1483 1171 Stephanum

401 1185 697 1263 Cantnariensem,
719 1185 827 1250 totius
847 1182 986 1267 Angliee
1016 1186 1197 1269 primatem
1219 1193 1255 1251 et
1278 1196 1411 1254 sancte
1432 1210 1485 1256 ec·

398 1286 512 1351 clesioe
534 1284 701 1350 Romane
728 1284 948 1359 cardinalem,
962 1283 1175 1350 willelmum
1198 1285 1483 1369 londoniensem,

400 1384 623 1451 Eustachium
654 1383 851 1467 Elyensem,
884 1383 1062 1467 AEgidium
1094 1383 1396 1466 Heresordensem,
1424 1388 1484 1454 Jo-

397 1485 545 1550 hannem
569 1483 835 1550 Bathoniensem
856 1490 892 1548 et
913 1477 1207 1563 ¹Glsstoncnsem,
1231 1493 1268 1550 et
1289 1485 1483 1554 Habertum

399 1584 685 1661 Lineolniensem,
702 1583 894 1667 episcopos,
908 1602 1012 1667 super
1026 1583 1160 1649 damnis
1176 1591 1212 1650 et
1223 1584 1352 1651 ablatis
1369 1607 1482 1654 eorum

398 1690 551 1768 tempore
575 1681 758 1759 interdicti,
785 1702 848 1766 per
871 1682 940 1748 Dei
963 1683 1112 1766 gratiam
1132 1683 1175 1748 de
1201 1703 1297 1750 mera
1320 1694 1359 1752 et
1381 1686 1485 1755 libera

397 1785 575 1851 voluntate
596 1782 904 1866 utriusquepartis
925 1782 1025 1865 plene
1048 1783 1221 1861 convenit,
1242 1785 1403 1850 volumus
1418 1807 1483 1853 non

398 1884 508 1950 solum
533 1885 584 1948 eis
613 1889 779 1966 quantum
808 1881 997 1947 seeundum
1027 1882 1141 1947 Deum
1167 1902 1353 1967 possumus
1384 1888 1483 1952 satis·

398 1984 657 2062 laceratorum
682 1981 785 2046 etiam
807 1982 874 2046 toti
899 1982 1053 2048 ecclesia
1073 1980 1279 2066 Anglicaner
1304 1984 1483 2052 salubriter

399 2089 435 2149 et
450 2082 583 2149 utiliter
598 2082 634 2146 in
654 2089 859 2165 perpetuum
879 2080 1069 2165 providere
1120 2081 1207 2148 Inde
1222 2084 1386 2167 estquod
1402 2105 1482 2170 qna·

397 2184 588 2266 liscumqne
615 2181 826 2247 consuetudo
854 2181 1066 2265 temporibus
1089 2182 1215 2247 nosmis
1238 2189 1275 2247 et
1296 2184 1483 2267 praedeces·

398 2302 512 2348 sorum
538 2288 733 2347 nostrorum
754 2280 922 2346 hactenus
944 2281 981 2344 in
1005 2280 1151 2346 eeclesia
1166 2279 1365 2365 Anglieena
1384 2284 1483 2350 inerit

398 2383 594 2459 observata,
626 2386 662 2446 et
691 2379 857 2465 quidquid
883 2379 974 2464 juris
1006 2380 1105 2446 nobis
1131 2379 1298 2447 hactenus
1326 2383 1483 2449 vendica·

397 2481 559 2559 serimus,
576 2480 619 2545 de
640 2486 766 2546 caetero
784 2480 821 2543 in
849 2480 1018 2545 universis
1041 2488 1079 2545 et
1101 2479 1247 2563 singulis
1274 2482 1430 2549 ecclesiis
1450 2493 1484 2550 et

397 2581 613 2646 monasteriis
633 2578 888 2646 cathedralibus
906 2586 942 2644 et
958 2580 1242 2646 conventualibus
1265 2582 1373 2648 tou'us
1388 2585 1482 2666 regni

398 2678 537 2763 Anglite
567 2680 683 2745 liberae
713 2680 784 2744 sint
815 2679 851 2743 in
879 2687 1082 2763 perpetuum
1110 2679 1295 2746 electiones
1323 2701 1483 2766 qnorum·

397 2799 543 2864 cumque
562 2779 795 2865 praelatorum,
816 2778 984 2863 majorum
1006 2786 1042 2844 et
1055 2778 1244 2862 minornm3
1266 2780 1368 2847 salve
1388 2784 1483 2848 nobis

398 2888 434 2946 et
449 2880 641 2946 beerfflibus
654 2880 782 2945 nostris
802 2877 960 2943 custodia
980 2879 1200 2945 ecclemarum
1215 2887 1251 2947 et
1264 2882 1482 2947 monasterio·

398 3000 473 3045 rum
499 2980 706 3056 vacantium,
739 2997 817 3062 quae
855 2978 900 3044 ad
933 2997 997 3043 nos
1027 2980 1187 3062 pertinet.
1246 2977 1483 3047 Promittimns

398 3081 515 3159 etiam,
540 3079 631 3165 quod
656 3098 720 3144 nec
737 3078 961 3162 impediemus
982 3098 1045 3143 nec
1065 3079 1230 3162 impedire
1249 3081 1483 3163 permittemus

397 3199 460 3264 per
490 3189 640 3258 nocuos,
671 3197 735 3244 nec
765 3177 1037 3262 procurabimus,
1068 3179 1153 3262 quin
1183 3179 1219 3242 in
1247 3179 1419 3245 universis
1448 3189 1483 3246 et

266 3340 268 3342 ,
397 3280 541 3363 singulis
571 3277 787 3344 monasteriis
817 3285 855 3342 et
879 3276 1044 3355 ecclesiis,
1071 3285 1254 3362 postquam
1285 3279 1484 3346 vacavmint

397 3380 604 3464 praelaturae,
629 3396 876 3462 quemcumque
889 3376 1060 3443 volueriut
1080 3377 1186 3442 libere
1206 3378 1272 3443 sibi
1296 3379 1483 3462 praeficient

396 3480 562 3544 electores
575 3485 748 3562 pastorem
760 3497 770 3558 3
792 3476 903 3561 petita
916 3484 1032 3543 tamen
1048 3496 1070 3541 a
1091 3478 1190 3542 nobis
1210 3477 1306 3561 prins
1328 3486 1366 3544 et
1378 3478 1484 3545 horre·

396 3576 497 3643 dibus
525 3578 652 3643 nostris
675 3576 815 3642 licentia
838 3576 998 3659 eligendi,
1025 3595 1128 3660 quam
1151 3597 1219 3642 non
1241 3578 1483 3661 denegabimus

396 3697 459 3743 nec
481 3677 683 3743 differemus.
735 3676 781 3742 Et
804 3677 834 3741 si
856 3676 945 3741 forte
969 3676 1105 3742 accidat
1122 3677 1214 3761 quod
1237 3677 1484 3760 denegaremus

395 3778 452 3843 vel
466 3777 688 3855 differremus,
709 3775 930 3842 nihilominus
951 3776 1138 3861 procedant
1154 3777 1321 3843 electores
1336 3777 1380 3842 ad
1397 3778 1484 3843 elee-

396 3879 525 3944 tionem
541 3877 740 3944 canonicam
755 3876 958 3941 faciendam.
1010 3876 1056 3941 Et
1072 3875 1228 3942 similiter
1239 3884 1320 3960 post
1334 3877 1483 3943 celebra·

395 3986 467 4044 tam
491 3978 692 4044 electionem
720 3984 838 4042 noster
866 3975 1060 4061 requiratur
1085 3994 1259 4055 assensus,
1286 3996 1389 4061 quem
1413 3997 1481 4043 non

395 4078 653 4162 denegabimus,
674 4074 741 4141 nisi
754 4076 921 4142 adversus
941 4075 1085 4141 eundem
1103 4075 1271 4140 rationale
1296 4095 1481 4161 proposue-

396 4178 502 4244 rimus
517 4187 553 4245 et
568 4177 720 4261 legitime
734 4176 1005 4260 probaverimus,
1018 4182 1160 4260 propter
1175 4174 1269 4259 qnod
1292 4194 1362 4241 non
1383 4176 1483 4241 debe·

395 4296 472 4343 mus
500 4278 706 4344 consentire.
757 4275 875 4356 Quare
900 4276 1059 4341 volumus
1086 4282 1123 4340 et
1147 4274 1290 4341 tirmiter
1309 4275 1482 4359 jubemus,

395 4398 438 4443 ne
454 4380 544 4463 quis,
560 4376 763 4444 vacantibus
779 4375 933 4441 ecclesiis
945 4376 1002 4441 vel
1019 4375 1249 4454 monasteriis,
1259 4383 1382 4440 contra
1394 4375 1481 4440 hanc

716 4598 723 4630 ¹
735 4601 937 4666 chamenun]
952 4600 1121 4662 wellensem,
1133 4601 1163 4651 c.
