3334 5734
573 780 772 835 uncrrosns
793 780 926 831 ventu.
1228 757 1295 825 296

202 915 279 1056 llil,
294 913 348 1052 ἓξ,
365 972 435 1058 ὅρια
458 1018 467 1036 .
487 1019 520 1035 ..
595 966 838 1044 concremavit,
849 973 959 1031 terras
971 962 1154 1043 destruxit,
1165 961 1292 1029 evulsit

363 1071 514 1136 deetmeit
616 1068 782 1153 pomario,
797 1066 959 1132 exhausit
971 1065 1116 1131 vivaria.

199 1241 251 1252 -
296 1199 348 1275 31,
363 1193 515 1260 mulotes
596 1192 740 1257 licenter
756 1190 970 1257 absolvebat.

169 1353 175 1366 ·
202 1324 278 1401 302,
295 1319 349 1398 17,
364 1319 419 1405 qui
434 1365 458 1380 ..
471 1366 479 1381 .
492 1317 551 1383 ‘Et
597 1318 685 1382 alter
701 1313 922 1398 Acbitopbel,
938 1311 1065 1377 malum
1083 1307 1232 1375 condens
1255 1305 1292 1372 in

233 1423 237 1434 '
364 1417 497 1485 eomodo
617 1425 755 1501 pectore
777 1413 970 1491 consilium,
996 1411 1056 1496 qui
1084 1404 1292 1474 Marescallo

619 1516 736 1581 dolose
749 1514 959 1590 adhaerebat,
973 1509 1130 1576 conscius
1145 1508 1294 1592 provisae

620 1615 822 1700 proditionis
850 1632 891 1679 ac
916 1612 1042 1688 socius,
1071 1607 1228 1693 prorupit
1257 1606 1293 1669 in

620 1734 739 1780 vocem
772 1709 1090 1795 tergiversationis3
1128 1707 1293 1773 adversus

620 1834 698 1879 eum
714 1814 814 1898 quusi
835 1833 880 1878 ex
899 1812 1043 1878 caritate
1059 1810 1215 1893 loquens,
1230 1806 1293 1882 ait,

621 1913 726 1979 ‘Hoc
742 1911 900 1998 estquod
915 1909 1092 1995 praecinui,
1112 1915 1148 1974 te
1163 1904 1295 1971 scilicet

622 2014 767 2078 multum
788 2011 985 2077 dissimilem
1012 2009 1140 2075 invicto
1160 2002 1296 2072 Willel-

622 2132 679 2178 mo
705 2112 814 2178 veteri
838 2109 1057 2187 Marescallo,
1085 2125 1187 2192 quem
1211 2103 1295 2181 vidi,

623 2232 724 2297 quern
744 2210 870 2289 amavi,
893 2209 949 2274 cui
967 2208 1106 2285 servivi,
1127 2223 1229 2289 quem
1244 2201 1295 2266 di-

622 2312 716 2393 lexi;
739 2312 798 2395 qui
813 2311 850 2375 in
865 2328 952 2394 pace
968 2306 1156 2375 tractabilis
1174 2323 1215 2368 ac
1229 2302 1296 2366 dis·

624 2418 748 2487 cretus,
759 2411 795 2475 in
804 2409 895 2475 bello
910 2407 1162 2493 insuperabilis,
1178 2420 1296 2469 omnes

622 2510 850 2577 occidentales
873 2511 1076 2574 strenuitate
1100 2504 1296 2589 superabat.

623 2611 692 2677 ‘Et
706 2618 745 2675 tu
760 2608 874 2687 modo,
893 2617 932 2674 ut
947 2609 1042 2692 prius
1055 2605 1139 2670 dixi.

206 2786 258 2798 -
301 2741 355 2818 27,
370 2742 541 2828 impediunt
601 2733 732 2801 scilicet
748 2734 941 2815 ingressum
956 2739 1053 2796 tunm
1069 2735 1105 2793 et
1120 2725 1297 2810 negotium

359 2862 555 2929 proymmm
622 2842 733 2911 tuum,
761 2830 852 2916 qnod
880 2831 917 2894 in
941 2829 1118 2913 procinctu
1142 2834 1208 2903 est,
1235 2842 1297 2889 va·

370 2952 457 3006 mum
623 2933 719 2999 leant
733 2930 908 3014 impedire.

208 3108 258 3121 -
301 3068 354 3143 30,
362 3084 530 3151 praepara-
604 3058 807 3133 accinotum,
824 3059 865 3119 ut
884 3057 965 3118 ante
985 3050 1119 3115 leonem
1139 3044 1299 3131 pecudes,

372 3174 557 3248 tvmmper
625 3166 723 3239 terga
739 3161 911 3220 vertentes
926 3149 1088 3217 universi.

211 3392 285 3467 303,
323 3389 354 3465 6,
370 3386 540 3452 audecuri-
603 3382 696 3449 addit
712 3380 839 3458 Paris„
852 3385 888 3444 et
903 3376 946 3443 ad
962 3391 1113 3457 unguem
1129 3367 1283 3434 armatis.

376 3508 436 3551 mar

211 3654 261 3676 ,-
305 3613 357 3691 10,
372 3620 401 3676 et
414 3658 421 3674 .
436 3657 445 3676 .
460 3657 468 3673 .
483 3609 538 3696 qai
606 3601 760 3689 pollicita
772 3599 940 3684 ampliora
953 3591 1232 3676 multiplicantes,
1241 3585 1302 3671 qui

630 3702 766 3767 idcirco.

213 3878 264 3889 -
308 3836 360 3914 20,
374 3833 540 3899 cdoenrrut
606 3825 697 3891 addit
719 3822 846 3898 Paris„
872 3837 1017 3904 qnorum
1044 3815 1244 3898 figmentum
1265 3816 1301 3875 et

629 3933 781 4010 teporem
812 3939 876 4005 pro
902 3927 1029 4002 magna
1054 3921 1153 3999 parta
1176 3929 1304 3994 cogno·

631 4031 763 4091 verant.

214 4199 265 4210 -
309 4154 554 4233 13333301-
611 4147 837 4214 emicantibus
854 4142 1026 4207 iortunam
1042 4135 1135 4202 belli.

380 4253 460 4319 tilae

216 4381 290 4458 304,
309 4381 362 4457 14,
377 4376 506 4443 obtinere
610 4371 737 4438 babere
752 4364 976 4451 impudenter.

215 4542 266 4556 -
311 4503 363 4577 18,
378 4519 463 4565 omne
613 4493 802 4563 imminenti
815 4491 1110 4572 extinguaturqna
1126 4482 1272 4569 penitus.
