3334 5734
572 774 771 825 anomoum
793 776 926 825 vaura.
1228 761 1294 827 266

245 956 427 1034 restitutis,
451 957 504 1023 ita
518 957 610 1042 quod
635 965 751 1024 essem
770 958 885 1024 omnia
904 959 941 1023 in
958 977 1000 1025 eo
1023 965 1119 1024 statu
1138 967 1174 1025 et
1190 959 1293 1026 liber·

246 1064 318 1123 tate
340 1075 411 1141 qua
434 1065 534 1123 erant
549 1057 604 1124 die
627 1077 697 1142 qna
712 1059 887 1141 ingressus
902 1066 956 1124 est
973 1058 1158 1124 civitatem.
1210 1060 1291 1146 Ipse

247 1158 387 1221 tandem
408 1156 483 1221 fieri
504 1160 669 1243 praecepit
690 1159 877 1223 secundum
903 1157 994 1242 quod
1019 1158 1292 1242 postulabamus,

246 1255 307 1320 sed
327 1275 398 1321 non
415 1264 470 1322 est
488 1256 624 1323 effectui
647 1259 899 1342 mancipatum
925 1259 1167 1342 supposuimus
1185 1260 1291 1344 igitur

246 1355 424 1422 civitatem
433 1356 627 1423 interdicto.
664 1356 797 1424 Videns
810 1357 916 1441 igitur
931 1358 1095 1423 malitiam
1112 1377 1209 1424 suam
1223 1379 1291 1425 non

246 1474 349 1538 posse
371 1456 555 1539 procedere
582 1476 840 1542 usquequaque,
863 1477 993 1522 moram
1015 1458 1050 1521 in
1068 1464 1161 1523 terra
1181 1458 1292 1525 noluit

246 1553 383 1619 trabere
415 1555 628 1638 longiorem3
661 1557 743 1635 imo,
773 1577 814 1622 ac
842 1557 873 1621 si
902 1564 1013 1623 totum
1040 1558 1206 1624 niteretur
1231 1557 1290 1625 de·

246 1660 392 1732 struere,
419 1655 563 1721 balistas
592 1664 629 1722 et
651 1663 845 1721 armaturas
871 1676 893 1722 a
919 1656 1023 1739 longo
1049 1664 1201 1741 tempore
1228 1678 1290 1742 pro

245 1753 443 1819 defensione
463 1763 563 1820 terrae
588 1763 782 1821 reservatas
796 1757 888 1840 apud
904 1755 1027 1822 Achon
1041 1756 1123 1822 iecit
1146 1757 1233 1824 clam
1254 1759 1291 1823 in

247 1854 395 1919 navibus
407 1852 543 1938 deponi,
554 1863 590 1921 et
600 1856 700 1939 plura
709 1854 861 1920 Soldano
877 1855 1078 1940 Babyloniae
1093 1858 1291 1938 transmitti,

246 1955 346 2036 quasi
364 1972 445 2019 caro
462 1974 536 2020 sno.
588 1955 634 2019 Et
648 1956 786 2020 mittens
801 1954 838 2018 in
856 1954 1005 2039 Cyprum
1021 1956 1186 2039 quosdam
1200 1957 1291 2021 mili·

248 2060 300 2116 tes
321 2073 404 2118 suos
428 2052 511 2119 fecit
530 2074 598 2119 non
622 2054 795 2119 minirum
817 2055 862 2119 ab
884 2054 1003 2119 incolis
1029 2056 1209 2137 pecuniam
1229 2075 1291 2121 ex-

247 2154 419 2237 torqueri3
443 2161 489 2231 et,
509 2154 601 2237 quod
620 2153 808 2218 mirabilius
833 2154 931 2219 nobis
948 2153 1140 2232 videbatur,
1159 2155 1290 2237 galeias

246 2271 335 2335 qnas
350 2255 589 2336 potuitsecum
604 2253 738 2318 trahere
753 2253 936 2319 destruxit.
978 2253 1081 2332 Quod
1097 2273 1174 2319 cum
1192 2252 1289 2319 audi·
1372 2272 1380 2290 ·

245 2352 371 2431 murus,
395 2352 558 2419 duximus
583 2371 660 2418 eum
687 2372 790 2436 snper
820 2352 886 2418 boo
912 2353 1173 2420 admonmdnm.
1222 2353 1290 2420 Sed

247 2452 333 2535 ipse,
350 2452 583 2518 admonitione
603 2459 719 2535 spreta
738 2452 840 2517 simul
859 2461 894 2517 et
909 2454 1130 2531 correctione,
1144 2453 1291 2520 latenter

247 2551 337 2617 sesto
359 2552 593 2636 apostolorum
609 2551 759 2635 Philippi
775 2560 811 2616 et
826 2551 849 2617 J
852 2553 959 2629 aoobi,
976 2572 1038 2636 per
1053 2554 1165 2618 vicum
1182 2573 1289 2620 secre-

247 2660 321 2715 tum
337 2660 372 2716 et
385 2661 522 2734 portum
537 2651 684 2735 galeiam
700 2653 832 2716 intrans
849 2670 969 2717 versus
985 2651 1137 2737 Cyprum
1150 2653 1289 2719 festina-

248 2751 311 2828 vit,
338 2751 473 2817 nemine
499 2752 662 2828 salutato,
689 2749 827 2834 Joppen
856 2749 1050 2833 relinquens
1078 2751 1289 2831 destitutam,

248 2870 424 2933 nunquam
446 2853 577 2916 utinam
601 2849 782 2915 rediturus.
832 2848 982 2933 Jamjam
1006 2868 1028 2913 a
1048 2849 1184 2915 ballivis
1206 2850 1289 2916 dicti

247 2949 390 3014 Soldani
411 2951 649 3015 intercluditur
673 2949 788 3014 exitus
814 2955 917 3012 extra
940 2966 1056 3013 muros
1082 2950 1289 3032 pauperibus

249 3048 455 3115 Christianis
472 3070 513 3114 ac
530 3049 704 3134 Syrianis;
725 3048 842 3132 plures
863 3048 980 3130 itaque
994 3048 1030 3111 in
1046 3048 1103 3113 via
1119 3050 1289 3132 peregrini

247 3148 455 3214 deiecerunt.
507 3150 597 3214 Haeo
612 3156 648 3214 et
663 3149 772 3213 multa
784 3147 864 3224 alia,
882 3165 960 3231 quae
974 3147 1195 3230 relinquimus
1210 3148 1288 3214 aliis

248 3249 451 3328 enarranda,
469 3269 547 3332 qnae
568 3247 714 3313 mundus
731 3248 841 3325 novit,
861 3247 1031 3313 commisit
1047 3248 1232 3331 imperator
1251 3249 1288 3313 in

248 3347 366 3414 'l'erroe
378 3356 508 3414 mnatre
521 3356 557 3414 et
569 3349 693 3412 animae
710 3365 781 3412 suoe
794 3345 1054 3427 detrimentum
1079 3366 1158 3432 qnae
1172 3348 1289 3413 Domi-

249 3467 315 3513 nus
347 3450 540 3526 miseratus,
573 3466 651 3512 cnm
683 3446 862 3531 placuerit,
895 3445 1054 3530 dignetur
1086 3454 1286 3531 temperare.

248 3546 397 3613 Valete.'
447 3548 537 3613 Hoec
553 3553 668 3613 autem
683 3546 841 3630 epistola,
855 3565 932 3610 cnm
949 3545 992 3611 ad
1007 3546 1216 3612 audientiam
1232 3567 1290 3613 oc-

248 3646 468 3713 cidentalium
488 3647 692 3731 perveniret,
713 3666 783 3712 non
802 3644 1015 3711 mediocriter
1035 3647 1161 3712 famam
1183 3647 1288 3732 impe-

248 3747 367 3811 rialem
383 3746 578 3812 obfuscavit
594 3753 630 3811 et
644 3745 827 3811 multorum
845 3746 995 3811 favorem
1011 3746 1149 3813 ademit.
1190 3746 1289 3831 Papa

249 3857 364 3911 autem
391 3846 435 3910 ad
461 3846 537 3930 ejus
565 3846 790 3930 dejectionem
816 3843 1014 3927 diligentius
1044 3845 1147 3911 solito
1175 3846 1289 3911 insur-

247 3947 351 4023 rexit,
366 3953 401 4011 et
415 3946 606 4011 collectioni
621 3946 777 4029 pecuniae
790 3943 901 4010 hiavit
913 3943 1056 4010 avidius.

207 4089 264 4125 PAO.
287 4086 339 4123 ult.

198 4152 273 4228 198,
290 4150 343 4225 24,
360 4149 546 4235 arioqra
595 4156 631 4214 et
653 4147 839 4213 notabilem
861 4165 938 4211 eam
963 4145 1091 4211 fecerat
1116 4143 1288 4211 invective

359 4269 415 4316 uu,
616 4255 653 4313 et
684 4247 923 4331 reprehensive
964 4244 1007 4311 de
1037 4244 1224 4309 insatiabili
1252 4253 1289 4311 et

617 4347 787 4412 simoniali
813 4346 970 4428 avaritia.
1022 4345 1192 4429 Egressus
1224 4363 1288 4412 au·

555 4459 557 4466 ’
617 4456 697 4513 tem.

194 4616 246 4630 -
290 4576 345 4652 30,
362 4583 390 4637 et
594 4592 672 4657 quae
689 4572 804 4637 etiam.
