3334 5734
394 741 461 807 alo
760 759 957 809 uncrrouss
978 761 1111 811 vunan.

1000 891 1018 932 Ω

449 939 647 1008 Pateshulle
662 941 833 1021 clericum,
850 942 957 1007 filium
971 941 1129 1009 videlieet
1144 942 1291 1007 Simonis
1306 942 1349 1007 de
1365 942 1482 1007 Pates·

448 1039 551 1119 bullo,
563 1042 622 1124 qui
633 1041 836 1125 quaudoque
848 1042 998 1107 habenas
1009 1042 1247 1107 moderabatur
1260 1042 1365 1107 totius
1375 1042 1481 1124 regni,

444 1138 636 1223 justitiarii,
651 1141 761 1206 virum
782 1141 915 1206 fidelem
938 1149 974 1207 et
992 1140 1184 1219 honestum,
1205 1142 1281 1206 loco
1294 1141 1482 1255 praedicto·

448 1258 534 1316 rum,
544 1241 700 1322 quamvis
711 1241 922 1318 renitentem,
930 1241 1142 1323 subrogavit.
1174 1239 1484 1306 Administraverat

449 1338 538 1401 enim
556 1338 645 1403 idem
663 1338 771 1421 Hugo
787 1338 934 1404 officium
954 1340 1116 1405 scaccarii
1137 1347 1240 1405 antea
1254 1338 1482 1417 laudabiliter,

449 1436 633 1502 secundum
647 1438 738 1521 quod
751 1438 945 1521 appellatur
960 1446 1127 1506 secretum
1144 1439 1318 1517 scaccarii,
1333 1437 1482 1522 sigillum

445 1535 671 1603 custodiendo
687 1545 722 1603 et
737 1537 913 1603 diffinitam
931 1539 1110 1621 pecuniam
1127 1558 1149 1603 a
1162 1538 1416 1603 vicecomitibus
1431 1557 1481 1601 re-

449 1634 630 1718 cipiendo;
660 1656 766 1721 quare
784 1637 917 1721 plenior
934 1637 1018 1703 fides
1037 1646 1091 1703 est
1105 1638 1136 1701 ei
1154 1637 1317 1717 adhibita,
1340 1645 1483 1722 paterna

449 1733 613 1801 fidelitate
629 1737 859 1803 testimonium
876 1737 955 1802 fidei
970 1736 1178 1821 perhibente.

410 1873 468 1912 PAO.
490 1873 543 1912 ult.

402 1937 477 2012 315,
513 1938 544 2018 3,
562 1936 712 2024 Baptista
790 1938 879 2003 deest.

400 2095 451 2107 -
494 2061 546 2138 14,
553 2061 697 2146 feceruut
790 2060 980 2143 facientes3
1002 2060 1210 2126 clitellarios.

400 2220 451 2231 -
496 2186 546 2262 19,
561 2184 670 2251 (1001010
792 2184 912 2251 diruis
926 2183 1283 2270 prudentiusbellicis.

400 2347 452 2362 —
495 2310 745 2396 20000100...
793 2315 904 2374 totum
941 2283 1148 2374 exercitum⁴
1165 2327 1266 2373 suum
1302 2306 1481 2373 admodum

562 2410 706 2475 aeteva
813 2426 1030 2472 numerosum
1043 2409 1168 2473 intres
1190 2407 1307 2473 divisit
1320 2406 1481 2489 legiones,

747 2521 757 2542 ·
813 2512 854 2570 ut
863 2506 986 2571 minori
997 2506 1101 2571 trium
1116 2507 1177 2572 vix
1187 2506 1355 2573 videretur
1367 2526 1481 2571 comes

816 2603 1006 2670 Britanniae
1022 2606 1178 2671 omnibus
1197 2606 1332 2671 collatis
1350 2605 1482 2671 viribus

814 2703 989 2784 resistere3
1004 2704 1153 2788 undique
1162 2705 1374 2770 Britanniam
1385 2705 1483 2771 inva-

815 2802 927 2868 dendo
950 2804 1075 2871 acriter
1085 2793 1282 2887 insurgens,
1304 2822 1397 2869 more
1416 2804 1484 2869 leo·

815 2902 881 2979 nis,
903 2904 963 2986 qui
984 2922 1060 2967 cum
1080 2902 1218 2970 laeditur
1233 2904 1388 2969 acerbius
1404 2905 1483 2969 bac·

815 2999 939 3065 ebatur
964 3002 1000 3066 in
1029 3002 1199 3081 rebellem,
1231 3010 1268 3068 et
1301 3003 1484 3068 Britannos

817 3100 916 3182 gravi
930 3100 1053 3167 afflixit
1068 3103 1281 3167 contritione.

403 3224 477 3301 316,
517 3221 661 3307 lsfoedw
794 3242 913 3287 versus
928 3223 1092 3289 inarcum
1109 3244 1255 3308 pravum
1271 3191 1412 3290 foedns,

404 3343 478 3425 317,
517 3348 548 3424 4,
563 3354 726 3432 »petuma
793 3346 886 3412 addit
899 3346 1021 3425 Paris,
1035 3347 1158 3413 Comes
1173 3348 1386 3415 verovidens
1397 3348 1487 3413 mala

817 3446 884 3510 sibi
907 3446 1146 3530 multiplicata,
1175 3448 1211 3512 in
1234 3449 1348 3531 seipso
1376 3449 1485 3513 tabes

810 3547 899 3610 aens
922 3565 993 3630 pree
1013 3545 1130 3612 dolore
1150 3553 1187 3611 et
1201 3547 1405 3624 infrendens,
1426 3567 1487 3631 per

818 3663 914 3709 mare
928 3646 1064 3729 paravit
1082 3645 1224 3711 insidias
1244 3647 1487 3711 mercatoribus

818 3751 855 3808 et
879 3744 955 3810 aliis
978 3744 1180 3810 facientibus
1206 3746 1420 3828 operationes
1450 3746 1486 3809 in

820 3844 1042 3928 aquis‚juxta
1051 3844 1488 3927 cognomeneuumscilieet

821 3942 1041 4022 ‘Mauclerc,’
1073 3944 1203 4027 rapinis
1233 3944 1407 4028 injuriosis
1435 3943 1487 4007 in·

821 4041 995 4121 tendebat,
1009 4042 1122 4126 pirata
1136 4043 1248 4108 sactus
1264 4041 1477 4109 execrabilis.

406 4203 456 4216 -
500 4163 553 4237 14,
562 4160 731 4248 pweadoe
795 4161 1006 4229 reficiendos.

406 4327 456 4341 -
500 4285 753 4364 lametuliacts‘s
799 4286 913 4352 liniret
930 4286 1007 4353 oleo
1024 4288 1275 4354 consolationis.

568 4394 690 4450 cureret

406 4543 457 4558 -
501 4512 552 4588 33,
566 4507 712 4576 00101100
799 4508 962 4575 muribus.
