<?xml version="1.0" encoding="UTF-8"?>
<!DOCTYPE html PUBLIC "-//W3C//DTD XHTML 1.0 Transitional//EN"
    "http://www.w3.org/TR/xhtml1/DTD/xhtml1-transitional.dtd">
<html xmlns="http://www.w3.org/1999/xhtml" xml:lang="en" lang="en">
 <head>
  <title>
</title>
<meta http-equiv="Content-Type" content="text/html;charset=utf-8" />
  <meta name='ocr-system' content='tesseract 3.04.00' />
  <meta name='ocr-capabilities' content='ocr_page ocr_carea ocr_par ocr_line ocrx_word'/>
</head>
<body>
  <div class='ocr_page' id='page_1' title='image "appendixadroger01parigoog_0019.png"; bbox 0 0 3334 5734; ppageno 0'>
   <div class='ocr_carea' id='block_1_1' title="bbox 507 806 1299 889">
    <p class='ocr_par' dir='ltr' id='par_1_1' title="bbox 507 806 1299 889">
     <span class='ocr_line' id='line_1_1' title="bbox 507 806 1299 889; baseline 0 -1"><span class='ocrx_word' id='word_1_1' title='bbox 507 806 508 809; x_wconf 28' lang='lat'>¹</span> <span class='ocrx_word' id='word_1_2' title='bbox 610 837 893 889; x_wconf 80' lang='lat' dir='ltr'>rurnoououuou.</span> <span class='ocrx_word' id='word_1_3' title='bbox 1250 843 1299 888; x_wconf 85' lang='lat' dir='ltr'>xv</span> 
     </span>
    </p>
   </div>
   <div class='ocr_carea' id='block_1_2' title="bbox 211 1020 1334 3876">
    <p class='ocr_par' dir='ltr' id='par_1_2' title="bbox 211 1020 1334 3876">
     <span class='ocr_line' id='line_1_2' title="bbox 211 1020 1299 1107; baseline 0.002 -20"><span class='ocrx_word' id='word_1_4' title='bbox 211 1022 440 1089; x_wconf 78' lang='lat' dir='ltr'>defensionem</span> <span class='ocrx_word' id='word_1_5' title='bbox 461 1029 738 1088; x_wconf 82' lang='lat' dir='ltr'>construxerunt.</span> <span class='ocrx_word' id='word_1_6' title='bbox 789 1020 870 1088; x_wconf 82' lang='lat' dir='ltr'>Jem</span> <span class='ocrx_word' id='word_1_7' title='bbox 887 1023 1030 1107; x_wconf 82' lang='lat' dir='ltr'>jamque</span> <span class='ocrx_word' id='word_1_8' title='bbox 1052 1042 1131 1086; x_wconf 92' lang='lat' dir='ltr'>cum</span> <span class='ocrx_word' id='word_1_9' title='bbox 1147 1026 1299 1089; x_wconf 87' lang='lat' dir='ltr'>cruentis</span> 
     </span>
     <span class='ocr_line' id='line_1_3' title="bbox 214 1121 1301 1208; baseline 0.001 -20"><span class='ocrx_word' id='word_1_10' title='bbox 214 1123 370 1208; x_wconf 78' lang='lat' dir='ltr'>suspiriis</span> <span class='ocrx_word' id='word_1_11' title='bbox 399 1123 648 1208; x_wconf 80' lang='lat' dir='ltr'>poenituerunt,</span> <span class='ocrx_word' id='word_1_12' title='bbox 684 1123 780 1206; x_wconf 91' lang='lat' dir='ltr'>prius</span> <span class='ocrx_word' id='word_1_13' title='bbox 817 1121 1094 1187; x_wconf 84' lang='lat' dir='ltr'>Normunnorum</span> <span class='ocrx_word' id='word_1_14' title='bbox 1132 1124 1301 1206; x_wconf 76' lang='lat' dir='ltr'>superbie</span> 
     </span>
     <span class='ocr_line' id='line_1_4' title="bbox 214 1222 1301 1308; baseline -0.006 -20"><span class='ocrx_word' id='word_1_15' title='bbox 214 1230 398 1308; x_wconf 89' lang='lat' dir='ltr'>autequam</span> <span class='ocrx_word' id='word_1_16' title='bbox 420 1224 522 1288; x_wconf 87' lang='lat' dir='ltr'>urbes</span> <span class='ocrx_word' id='word_1_17' title='bbox 543 1230 579 1287; x_wconf 90' lang='lat' dir='ltr'>et</span> <span class='ocrx_word' id='word_1_18' title='bbox 594 1230 710 1288; x_wconf 86' lang='lat' dir='ltr'>custra</span> <span class='ocrx_word' id='word_1_19' title='bbox 730 1230 958 1307; x_wconf 81' lang='lat' dir='ltr'>occupassent</span> <span class='ocrx_word' id='word_1_20' title='bbox 980 1222 1096 1287; x_wconf 88' lang='lat' dir='ltr'>taliter</span> <span class='ocrx_word' id='word_1_21' title='bbox 1117 1242 1185 1286; x_wconf 91' lang='lat' dir='ltr'>non</span> <span class='ocrx_word' id='word_1_22' title='bbox 1204 1223 1301 1287; x_wconf 66' lang='lat' dir='ltr'>resti.</span> 
     </span>
     <span class='ocr_line' id='line_1_5' title="bbox 212 1321 1301 1406; baseline 0.001 -19"><span class='ocrx_word' id='word_1_23' title='bbox 212 1323 307 1400; x_wconf 86' lang='lat' dir='ltr'>tisse,</span> <span class='ocrx_word' id='word_1_24' title='bbox 341 1342 458 1389; x_wconf 90' lang='lat' dir='ltr'>omnes</span> <span class='ocrx_word' id='word_1_25' title='bbox 491 1322 644 1406; x_wconf 85' lang='lat' dir='ltr'>proiecto</span> <span class='ocrx_word' id='word_1_26' title='bbox 677 1322 720 1387; x_wconf 92' lang='lat' dir='ltr'>de</span> <span class='ocrx_word' id='word_1_27' title='bbox 753 1323 817 1387; x_wconf 90' lang='lat' dir='ltr'>sub</span> <span class='ocrx_word' id='word_1_28' title='bbox 853 1321 938 1387; x_wconf 83' lang='lat' dir='ltr'>caelo</span> <span class='ocrx_word' id='word_1_29' title='bbox 971 1321 1203 1401; x_wconf 85' lang='lat' dir='ltr'>delevissent;</span> <span class='ocrx_word' id='word_1_30' title='bbox 1241 1323 1301 1388; x_wconf 90' lang='lat' dir='ltr'>sed</span> 
     </span>
     <span class='ocr_line' id='line_1_6' title="bbox 214 1421 1302 1507; baseline 0.002 -21"><span class='ocrx_word' id='word_1_31' title='bbox 214 1441 332 1487; x_wconf 89' lang='lat' dir='ltr'>eorum</span> <span class='ocrx_word' id='word_1_32' title='bbox 366 1421 608 1507; x_wconf 85' lang='lat' dir='ltr'>promissiones</span> <span class='ocrx_word' id='word_1_33' title='bbox 645 1421 810 1500; x_wconf 74' lang='lat' dir='ltr'>subdole,</span> <span class='ocrx_word' id='word_1_34' title='bbox 845 1430 881 1487; x_wconf 90' lang='lat' dir='ltr'>et</span> <span class='ocrx_word' id='word_1_35' title='bbox 909 1423 1015 1487; x_wconf 81' lang='lat' dir='ltr'>verbu</span> <span class='ocrx_word' id='word_1_36' title='bbox 1049 1442 1153 1505; x_wconf 88' lang='lat' dir='ltr'>super</span> <span class='ocrx_word' id='word_1_37' title='bbox 1190 1422 1302 1488; x_wconf 88' lang='lat' dir='ltr'>oleum</span> 
     </span>
     <span class='ocr_line' id='line_1_7' title="bbox 214 1520 1304 1607; baseline 0.002 -21"><span class='ocrx_word' id='word_1_38' title='bbox 214 1522 347 1588; x_wconf 89' lang='lat' dir='ltr'>mollita</span> <span class='ocrx_word' id='word_1_39' title='bbox 367 1534 403 1588; x_wconf 91' lang='lat' dir='ltr'>et</span> <span class='ocrx_word' id='word_1_40' title='bbox 419 1542 521 1607; x_wconf 89' lang='lat' dir='ltr'>super</span> <span class='ocrx_word' id='word_1_41' title='bbox 542 1523 597 1587; x_wconf 87' lang='lat' dir='ltr'>lac</span> <span class='ocrx_word' id='word_1_42' title='bbox 618 1522 760 1600; x_wconf 92' lang='lat' dir='ltr'>mellita,</span> <span class='ocrx_word' id='word_1_43' title='bbox 776 1520 970 1605; x_wconf 81' lang='lat' dir='ltr'>Anglorum</span> <span class='ocrx_word' id='word_1_44' title='bbox 993 1520 1207 1587; x_wconf 88' lang='lat' dir='ltr'>credulorum</span> <span class='ocrx_word' id='word_1_45' title='bbox 1222 1542 1304 1588; x_wconf 89' lang='lat' dir='ltr'>cou-</span> 
     </span>
     <span class='ocr_line' id='line_1_8' title="bbox 214 1621 1306 1706; baseline 0.003 -22"><span class='ocrx_word' id='word_1_46' title='bbox 214 1622 376 1688; x_wconf 77' lang='lat' dir='ltr'>stantium</span> <span class='ocrx_word' id='word_1_47' title='bbox 391 1628 650 1689; x_wconf 78' lang='lat' dir='ltr'>enervaveruut</span> <span class='ocrx_word' id='word_1_48' title='bbox 697 1621 888 1705; x_wconf 79' lang='lat' dir='ltr'>Divulgato</span> <span class='ocrx_word' id='word_1_49' title='bbox 905 1629 1020 1687; x_wconf 86' lang='lat' dir='ltr'>eutem</span> <span class='ocrx_word' id='word_1_50' title='bbox 1034 1621 1229 1706; x_wconf 89' lang='lat' dir='ltr'>hujusmodi</span> <span class='ocrx_word' id='word_1_51' title='bbox 1249 1643 1306 1687; x_wconf 90' lang='lat' dir='ltr'>ru·</span> 
     </span>
     <span class='ocr_line' id='line_1_9' title="bbox 215 1720 1303 1806; baseline 0.004 -22"><span class='ocrx_word' id='word_1_52' title='bbox 215 1740 321 1800; x_wconf 91' lang='lat' dir='ltr'>more,</span> <span class='ocrx_word' id='word_1_53' title='bbox 356 1742 418 1787; x_wconf 83' lang='lat' dir='ltr'>rex</span> <span class='ocrx_word' id='word_1_54' title='bbox 448 1721 656 1799; x_wconf 90' lang='lat' dir='ltr'>Willelmus,</span> <span class='ocrx_word' id='word_1_55' title='bbox 684 1720 830 1786; x_wconf 87' lang='lat' dir='ltr'>bellator</span> <span class='ocrx_word' id='word_1_56' title='bbox 862 1721 1092 1799; x_wconf 88' lang='lat' dir='ltr'>cautissimus,</span> <span class='ocrx_word' id='word_1_57' title='bbox 1121 1729 1303 1806; x_wconf 82' lang='lat' dir='ltr'>antequam</span> 
     </span>
     <span class='ocr_line' id='line_1_10' title="bbox 216 1820 1305 1905; baseline 0.003 -21"><span class='ocrx_word' id='word_1_58' title='bbox 216 1820 320 1905; x_wconf 89' lang='lat' dir='ltr'>hujus</span> <span class='ocrx_word' id='word_1_59' title='bbox 342 1820 604 1905; x_wconf 86' lang='lat' dir='ltr'>conspirationis</span> <span class='ocrx_word' id='word_1_60' title='bbox 627 1839 789 1884; x_wconf 90' lang='lat' dir='ltr'>numerus</span> <span class='ocrx_word' id='word_1_61' title='bbox 807 1821 911 1885; x_wconf 89' lang='lat' dir='ltr'>robur</span> <span class='ocrx_word' id='word_1_62' title='bbox 927 1828 962 1886; x_wconf 90' lang='lat' dir='ltr'>et</span> <span class='ocrx_word' id='word_1_63' title='bbox 977 1820 1125 1886; x_wconf 88' lang='lat' dir='ltr'>radicem</span> <span class='ocrx_word' id='word_1_64' title='bbox 1141 1821 1176 1885; x_wconf 91' lang='lat' dir='ltr'>in</span> <span class='ocrx_word' id='word_1_65' title='bbox 1196 1822 1305 1887; x_wconf 90' lang='lat' dir='ltr'>altum</span> 
     </span>
     <span class='ocr_line' id='line_1_11' title="bbox 216 1919 1304 2001; baseline 0.003 -17"><span class='ocrx_word' id='word_1_66' title='bbox 216 1920 439 2001; x_wconf 79' lang='lat' dir='ltr'>germinando</span> <span class='ocrx_word' id='word_1_67' title='bbox 455 1921 618 1997; x_wconf 89' lang='lat' dir='ltr'>mitteret,</span> <span class='ocrx_word' id='word_1_68' title='bbox 635 1919 749 1984; x_wconf 88' lang='lat' dir='ltr'>nullos</span> <span class='ocrx_word' id='word_1_69' title='bbox 765 1938 878 1986; x_wconf 84' lang='lat' dir='ltr'>morus</span> <span class='ocrx_word' id='word_1_70' title='bbox 899 1928 1095 1999; x_wconf 88' lang='lat' dir='ltr'>annectens,</span> <span class='ocrx_word' id='word_1_71' title='bbox 1113 1930 1304 1987; x_wconf 87' lang='lat' dir='ltr'>convocatu</span> 
     </span>
     <span class='ocr_line' id='line_1_12' title="bbox 219 2019 1305 2106; baseline 0.004 -23"><span class='ocrx_word' id='word_1_72' title='bbox 219 2019 326 2083; x_wconf 89' lang='lat' dir='ltr'>totius</span> <span class='ocrx_word' id='word_1_73' title='bbox 350 2019 559 2085; x_wconf 86' lang='lat' dir='ltr'>fortitudinis</span> <span class='ocrx_word' id='word_1_74' title='bbox 588 2038 662 2085; x_wconf 74' lang='lat' dir='ltr'>sose</span> <span class='ocrx_word' id='word_1_75' title='bbox 686 2019 877 2099; x_wconf 81' lang='lat' dir='ltr'>nobilitate,</span> <span class='ocrx_word' id='word_1_76' title='bbox 902 2019 945 2084; x_wconf 90' lang='lat' dir='ltr'>ad</span> <span class='ocrx_word' id='word_1_77' title='bbox 975 2020 1123 2086; x_wconf 79' lang='lat' dir='ltr'>insulam</span> <span class='ocrx_word' id='word_1_78' title='bbox 1149 2023 1305 2106; x_wconf 78' lang='lat' dir='ltr'>pervenit</span> 
     </span>
     <span class='ocr_line' id='line_1_13' title="bbox 219 2118 1306 2204; baseline 0.005 -23"><span class='ocrx_word' id='word_1_79' title='bbox 219 2126 453 2197; x_wconf 78' lang='lat' dir='ltr'>memoratam,</span> <span class='ocrx_word' id='word_1_80' title='bbox 476 2127 511 2185; x_wconf 90' lang='lat' dir='ltr'>et</span> <span class='ocrx_word' id='word_1_81' title='bbox 525 2120 634 2202; x_wconf 86' lang='lat' dir='ltr'>ipsam</span> <span class='ocrx_word' id='word_1_82' title='bbox 650 2119 778 2198; x_wconf 77' lang='lat' dir='ltr'>navali,</span> <span class='ocrx_word' id='word_1_83' title='bbox 799 2118 961 2204; x_wconf 85' lang='lat' dir='ltr'>pedestri,</span> <span class='ocrx_word' id='word_1_84' title='bbox 987 2128 1022 2186; x_wconf 90' lang='lat' dir='ltr'>et</span> <span class='ocrx_word' id='word_1_85' title='bbox 1038 2121 1189 2203; x_wconf 83' lang='lat' dir='ltr'>equestri</span> <span class='ocrx_word' id='word_1_86' title='bbox 1209 2141 1306 2186; x_wconf 86' lang='lat' dir='ltr'>exer·</span> 
     </span>
     <span class='ocr_line' id='line_1_14' title="bbox 217 2218 1305 2302; baseline 0.004 -19"><span class='ocrx_word' id='word_1_87' title='bbox 217 2218 289 2283; x_wconf 88' lang='lat' dir='ltr'>citu</span> <span class='ocrx_word' id='word_1_88' title='bbox 318 2219 568 2297; x_wconf 86' lang='lat' dir='ltr'>circumcinxit,</span> <span class='ocrx_word' id='word_1_89' title='bbox 594 2218 798 2302; x_wconf 76' lang='lat' dir='ltr'>magnisque</span> <span class='ocrx_word' id='word_1_90' title='bbox 833 2220 988 2285; x_wconf 89' lang='lat' dir='ltr'>trabibus</span> <span class='ocrx_word' id='word_1_91' title='bbox 1021 2228 1057 2286; x_wconf 90' lang='lat' dir='ltr'>et</span> <span class='ocrx_word' id='word_1_92' title='bbox 1084 2221 1189 2285; x_wconf 92' lang='lat' dir='ltr'>ramis</span> <span class='ocrx_word' id='word_1_93' title='bbox 1223 2241 1305 2287; x_wconf 89' lang='lat' dir='ltr'>cou-</span> 
     </span>
     <span class='ocr_line' id='line_1_15' title="bbox 218 2317 1305 2404; baseline 0.004 -22"><span class='ocrx_word' id='word_1_94' title='bbox 218 2318 430 2383; x_wconf 86' lang='lat' dir='ltr'>craticulatis</span> <span class='ocrx_word' id='word_1_95' title='bbox 452 2318 488 2382; x_wconf 88' lang='lat' dir='ltr'>in</span> <span class='ocrx_word' id='word_1_96' title='bbox 510 2320 657 2384; x_wconf 87' lang='lat' dir='ltr'>marisco</span> <span class='ocrx_word' id='word_1_97' title='bbox 680 2325 716 2383; x_wconf 86' lang='lat' dir='ltr'>et</span> <span class='ocrx_word' id='word_1_98' title='bbox 734 2317 962 2385; x_wconf 86' lang='lat' dir='ltr'>harundineto</span> <span class='ocrx_word' id='word_1_99' title='bbox 978 2320 1054 2385; x_wconf 86' lang='lat' dir='ltr'>vias</span> <span class='ocrx_word' id='word_1_100' title='bbox 1075 2320 1170 2404; x_wconf 88' lang='lat' dir='ltr'>prius</span> <span class='ocrx_word' id='word_1_101' title='bbox 1193 2321 1305 2387; x_wconf 85' lang='lat' dir='ltr'>invias</span> 
     </span>
     <span class='ocr_line' id='line_1_16' title="bbox 220 2417 1307 2504; baseline 0.003 -22"><span class='ocrx_word' id='word_1_102' title='bbox 220 2418 356 2500; x_wconf 87' lang='lat' dir='ltr'>pervias</span> <span class='ocrx_word' id='word_1_103' title='bbox 381 2417 529 2483; x_wconf 89' lang='lat' dir='ltr'>reddidit</span> <span class='ocrx_word' id='word_1_104' title='bbox 542 2427 578 2485; x_wconf 91' lang='lat' dir='ltr'>et</span> <span class='ocrx_word' id='word_1_105' title='bbox 593 2419 863 2497; x_wconf 86' lang='lat' dir='ltr'>transmeabiles,</span> <span class='ocrx_word' id='word_1_106' title='bbox 886 2438 1073 2504; x_wconf 88' lang='lat' dir='ltr'>omnesque</span> <span class='ocrx_word' id='word_1_107' title='bbox 1098 2420 1164 2485; x_wconf 90' lang='lat' dir='ltr'>sibi</span> <span class='ocrx_word' id='word_1_108' title='bbox 1189 2421 1307 2487; x_wconf 80' lang='lat' dir='ltr'>edver-</span> 
     </span>
     <span class='ocr_line' id='line_1_17' title="bbox 219 2518 1306 2602; baseline 0.003 -21"><span class='ocrx_word' id='word_1_109' title='bbox 219 2525 336 2582; x_wconf 83' lang='lat' dir='ltr'>suntes</span> <span class='ocrx_word' id='word_1_110' title='bbox 357 2518 473 2583; x_wconf 88' lang='lat' dir='ltr'>multis</span> <span class='ocrx_word' id='word_1_111' title='bbox 496 2518 623 2602; x_wconf 90' lang='lat' dir='ltr'>praeliis</span> <span class='ocrx_word' id='word_1_112' title='bbox 645 2524 681 2583; x_wconf 90' lang='lat' dir='ltr'>et</span> <span class='ocrx_word' id='word_1_113' title='bbox 698 2518 897 2598; x_wconf 86' lang='lat' dir='ltr'>assultibus,</span> <span class='ocrx_word' id='word_1_114' title='bbox 915 2538 1060 2602; x_wconf 91' lang='lat' dir='ltr'>quorum</span> <span class='ocrx_word' id='word_1_115' title='bbox 1074 2521 1188 2585; x_wconf 89' lang='lat' dir='ltr'>varios</span> <span class='ocrx_word' id='word_1_116' title='bbox 1205 2540 1306 2586; x_wconf 87' lang='lat' dir='ltr'>casus</span> 
     </span>
     <span class='ocr_line' id='line_1_18' title="bbox 219 2616 1305 2699; baseline 0.005 -19"><span class='ocrx_word' id='word_1_117' title='bbox 219 2616 358 2699; x_wconf 79' lang='lat' dir='ltr'>longum</span> <span class='ocrx_word' id='word_1_118' title='bbox 382 2624 473 2683; x_wconf 89' lang='lat' dir='ltr'>esset</span> <span class='ocrx_word' id='word_1_119' title='bbox 489 2618 687 2694; x_wconf 85' lang='lat' dir='ltr'>describere,</span> <span class='ocrx_word' id='word_1_120' title='bbox 706 2617 843 2683; x_wconf 91' lang='lat' dir='ltr'>tandem</span> <span class='ocrx_word' id='word_1_121' title='bbox 861 2618 1021 2684; x_wconf 87' lang='lat' dir='ltr'>edomuit.</span> <span class='ocrx_word' id='word_1_122' title='bbox 1073 2618 1305 2685; x_wconf 78' lang='lat' dir='ltr'>Herewurdus</span> 
     </span>
     <span class='ocr_line' id='line_1_19' title="bbox 220 2717 1305 2800; baseline 0.005 -21"><span class='ocrx_word' id='word_1_123' title='bbox 220 2723 335 2781; x_wconf 88' lang='lat' dir='ltr'>tamen</span> <span class='ocrx_word' id='word_1_124' title='bbox 357 2717 566 2800; x_wconf 86' lang='lat' dir='ltr'>comperiens</span> <span class='ocrx_word' id='word_1_125' title='bbox 590 2717 707 2782; x_wconf 90' lang='lat' dir='ltr'>hostes</span> <span class='ocrx_word' id='word_1_126' title='bbox 732 2736 813 2782; x_wconf 89' lang='lat' dir='ltr'>suos</span> <span class='ocrx_word' id='word_1_127' title='bbox 836 2717 955 2783; x_wconf 88' lang='lat' dir='ltr'>diatim</span> <span class='ocrx_word' id='word_1_128' title='bbox 981 2718 1046 2782; x_wconf 88' lang='lat' dir='ltr'>sibi</span> <span class='ocrx_word' id='word_1_129' title='bbox 1068 2718 1226 2784; x_wconf 86' lang='lat' dir='ltr'>nocivum</span> <span class='ocrx_word' id='word_1_130' title='bbox 1255 2721 1305 2784; x_wconf 91' lang='lat' dir='ltr'>in·</span> 
     </span>
     <span class='ocr_line' id='line_1_20' title="bbox 221 2817 1307 2901; baseline 0.005 -22"><span class='ocrx_word' id='word_1_131' title='bbox 221 2825 428 2881; x_wconf 88' lang='lat' dir='ltr'>crementum</span> <span class='ocrx_word' id='word_1_132' title='bbox 462 2818 645 2901; x_wconf 87' lang='lat' dir='ltr'>suscipere,</span> <span class='ocrx_word' id='word_1_133' title='bbox 678 2817 864 2900; x_wconf 88' lang='lat' dir='ltr'>assumptis</span> <span class='ocrx_word' id='word_1_134' title='bbox 890 2836 1007 2881; x_wconf 85' lang='lat' dir='ltr'>secum</span> <span class='ocrx_word' id='word_1_135' title='bbox 1035 2818 1204 2883; x_wconf 88' lang='lat' dir='ltr'>sociorum</span> <span class='ocrx_word' id='word_1_136' title='bbox 1227 2838 1307 2884; x_wconf 91' lang='lat' dir='ltr'>suo-</span> 
     </span>
     <span class='ocr_line' id='line_1_21' title="bbox 222 2915 1306 2999; baseline 0.004 -20"><span class='ocrx_word' id='word_1_137' title='bbox 222 2935 296 2979; x_wconf 85' lang='lat' dir='ltr'>rum</span> <span class='ocrx_word' id='word_1_138' title='bbox 312 2916 515 2999; x_wconf 82' lang='lat' dir='ltr'>praeelectis,</span> <span class='ocrx_word' id='word_1_139' title='bbox 525 2920 651 2982; x_wconf 88' lang='lat' dir='ltr'>cuneos</span> <span class='ocrx_word' id='word_1_140' title='bbox 661 2915 875 2981; x_wconf 89' lang='lat' dir='ltr'>inimicorum</span> <span class='ocrx_word' id='word_1_141' title='bbox 885 2935 1024 2981; x_wconf 93' lang='lat' dir='ltr'>suorum</span> <span class='ocrx_word' id='word_1_142' title='bbox 1036 2918 1306 2999; x_wconf 87' lang='lat' dir='ltr'>pertranseundo</span> 
     </span>
     <span class='ocr_line' id='line_1_22' title="bbox 221 3014 1307 3099; baseline 0.001 -18"><span class='ocrx_word' id='word_1_143' title='bbox 221 3023 379 3098; x_wconf 85' lang='lat' dir='ltr'>potenter</span> <span class='ocrx_word' id='word_1_144' title='bbox 410 3017 615 3099; x_wconf 85' lang='lat' dir='ltr'>penetravit,</span> <span class='ocrx_word' id='word_1_145' title='bbox 642 3022 677 3079; x_wconf 89' lang='lat' dir='ltr'>et</span> <span class='ocrx_word' id='word_1_146' title='bbox 705 3015 902 3080; x_wconf 89' lang='lat' dir='ltr'>ceciderunt</span> <span class='ocrx_word' id='word_1_147' title='bbox 927 3017 1037 3079; x_wconf 89' lang='lat' dir='ltr'>abeo</span> <span class='ocrx_word' id='word_1_148' title='bbox 1067 3014 1225 3099; x_wconf 89' lang='lat' dir='ltr'>dissipati</span> <span class='ocrx_word' id='word_1_149' title='bbox 1252 3017 1307 3082; x_wconf 88' lang='lat' dir='ltr'>vel</span> 
     </span>
     <span class='ocr_line' id='line_1_23' title="bbox 221 3112 1306 3197; baseline 0.004 -19"><span class='ocrx_word' id='word_1_150' title='bbox 221 3116 302 3179; x_wconf 82' lang='lat' dir='ltr'>caesi</span> <span class='ocrx_word' id='word_1_151' title='bbox 326 3134 348 3179; x_wconf 93' lang='lat' dir='ltr'>a</span> <span class='ocrx_word' id='word_1_152' title='bbox 376 3114 508 3181; x_wconf 88' lang='lat' dir='ltr'>dextris</span> <span class='ocrx_word' id='word_1_153' title='bbox 531 3121 567 3179; x_wconf 96' lang='lat' dir='ltr'>et</span> <span class='ocrx_word' id='word_1_154' title='bbox 598 3113 758 3191; x_wconf 87' lang='lat' dir='ltr'>sinistris,</span> <span class='ocrx_word' id='word_1_155' title='bbox 785 3119 821 3177; x_wconf 88' lang='lat' dir='ltr'>et</span> <span class='ocrx_word' id='word_1_156' title='bbox 853 3112 896 3177; x_wconf 88' lang='lat' dir='ltr'>ad</span> <span class='ocrx_word' id='word_1_157' title='bbox 921 3112 1070 3178; x_wconf 89' lang='lat' dir='ltr'>Scotiam</span> <span class='ocrx_word' id='word_1_158' title='bbox 1103 3118 1306 3197; x_wconf 89' lang='lat' dir='ltr'>quantocius</span> 
     </span>
     <span class='ocr_line' id='line_1_24' title="bbox 221 3211 1308 3295; baseline 0.001 -17"><span class='ocrx_word' id='word_1_159' title='bbox 221 3215 399 3295; x_wconf 76' lang='lat' dir='ltr'>avolavit3</span> <span class='ocrx_word' id='word_1_160' title='bbox 440 3213 531 3278; x_wconf 89' lang='lat' dir='ltr'>unde</span> <span class='ocrx_word' id='word_1_161' title='bbox 563 3211 674 3278; x_wconf 89' lang='lat' dir='ltr'>adhuc</span> <span class='ocrx_word' id='word_1_162' title='bbox 708 3211 826 3277; x_wconf 86' lang='lat' dir='ltr'>Scotio</span> <span class='ocrx_word' id='word_1_163' title='bbox 855 3231 931 3276; x_wconf 91' lang='lat' dir='ltr'>cum</span> <span class='ocrx_word' id='word_1_164' title='bbox 961 3214 1061 3278; x_wconf 92' lang='lat' dir='ltr'>terris</span> <span class='ocrx_word' id='word_1_165' title='bbox 1087 3213 1153 3277; x_wconf 90' lang='lat' dir='ltr'>sibi</span> <span class='ocrx_word' id='word_1_166' title='bbox 1176 3222 1308 3281; x_wconf 87' lang='lat' dir='ltr'>couter-</span> 
     </span>
     <span class='ocr_line' id='line_1_25' title="bbox 222 3310 1308 3398; baseline 0.005 -22"><span class='ocrx_word' id='word_1_167' title='bbox 222 3313 324 3378; x_wconf 90' lang='lat' dir='ltr'>minis</span> <span class='ocrx_word' id='word_1_168' title='bbox 346 3313 520 3396; x_wconf 87' lang='lat' dir='ltr'>primitivo</span> <span class='ocrx_word' id='word_1_169' title='bbox 547 3311 710 3376; x_wconf 90' lang='lat' dir='ltr'>nobilium</span> <span class='ocrx_word' id='word_1_170' title='bbox 733 3310 928 3394; x_wconf 80' lang='lat' dir='ltr'>Auglorum</span> <span class='ocrx_word' id='word_1_171' title='bbox 951 3310 1117 3395; x_wconf 80' lang='lat' dir='ltr'>sanguiue</span> <span class='ocrx_word' id='word_1_172' title='bbox 1140 3333 1308 3398; x_wconf 91' lang='lat' dir='ltr'>purpura-</span> 
     </span>
     <span class='ocr_line' id='line_1_26' title="bbox 222 3410 1334 3494; baseline 0.003 -17"><span class='ocrx_word' id='word_1_173' title='bbox 222 3420 288 3477; x_wconf 90' lang='lat' dir='ltr'>tur.</span> <span class='ocrx_word' id='word_1_174' title='bbox 341 3412 485 3477; x_wconf 90' lang='lat' dir='ltr'>Residui</span> <span class='ocrx_word' id='word_1_175' title='bbox 510 3431 599 3489; x_wconf 80' lang='lat' dir='ltr'>vero,</span> <span class='ocrx_word' id='word_1_176' title='bbox 624 3411 683 3494; x_wconf 92' lang='lat' dir='ltr'>qui</span> <span class='ocrx_word' id='word_1_177' title='bbox 710 3411 747 3474; x_wconf 93' lang='lat' dir='ltr'>iu</span> <span class='ocrx_word' id='word_1_178' title='bbox 771 3410 887 3477; x_wconf 81' lang='lat' dir='ltr'>insule</span> <span class='ocrx_word' id='word_1_179' title='bbox 909 3412 1142 3492; x_wconf 87' lang='lat' dir='ltr'>morabantur,</span> <span class='ocrx_word' id='word_1_180' title='bbox 1171 3414 1334 3480; x_wconf 76' lang='lat' dir='ltr'>tandem‘</span> 
     </span>
     <span class='ocr_line' id='line_1_27' title="bbox 222 3510 1307 3596; baseline 0.005 -20"><span class='ocrx_word' id='word_1_181' title='bbox 222 3511 315 3595; x_wconf 90' lang='lat' dir='ltr'>capti</span> <span class='ocrx_word' id='word_1_182' title='bbox 342 3511 398 3577; x_wconf 88' lang='lat' dir='ltr'>vel</span> <span class='ocrx_word' id='word_1_183' title='bbox 430 3520 553 3595; x_wconf 90' lang='lat' dir='ltr'>sponte</span> <span class='ocrx_word' id='word_1_184' title='bbox 586 3529 661 3575; x_wconf 89' lang='lat' dir='ltr'>sese</span> <span class='ocrx_word' id='word_1_185' title='bbox 691 3510 764 3593; x_wconf 80' lang='lat' dir='ltr'>regi</span> <span class='ocrx_word' id='word_1_186' title='bbox 792 3517 1101 3594; x_wconf 71' lang='lat' dir='ltr'>praesentaverunt,</span> <span class='ocrx_word' id='word_1_187' title='bbox 1131 3513 1307 3596; x_wconf 89' lang='lat' dir='ltr'>quodlibet</span> 
     </span>
     <span class='ocr_line' id='line_1_28' title="bbox 221 3609 1308 3695; baseline 0.004 -21"><span class='ocrx_word' id='word_1_188' title='bbox 221 3611 424 3695; x_wconf 91' lang='lat' dir='ltr'>supplicium</span> <span class='ocrx_word' id='word_1_189' title='bbox 440 3611 484 3677; x_wconf 82' lang='lat' dir='ltr'>ud</span> <span class='ocrx_word' id='word_1_190' title='bbox 500 3610 678 3676; x_wconf 89' lang='lat' dir='ltr'>arbitrium</span> <span class='ocrx_word' id='word_1_191' title='bbox 692 3609 769 3694; x_wconf 90' lang='lat' dir='ltr'>ejus</span> <span class='ocrx_word' id='word_1_192' title='bbox 783 3610 938 3674; x_wconf 89' lang='lat' dir='ltr'>subituri.</span> <span class='ocrx_word' id='word_1_193' title='bbox 979 3609 1210 3678; x_wconf 87' lang='lat' dir='ltr'>Herewardus</span> <span class='ocrx_word' id='word_1_194' title='bbox 1227 3634 1308 3680; x_wconf 87' lang='lat' dir='ltr'>vero</span> 
     </span>
     <span class='ocr_line' id='line_1_29' title="bbox 223 3708 1309 3794; baseline 0.004 -19"><span class='ocrx_word' id='word_1_195' title='bbox 223 3730 299 3775; x_wconf 91' lang='lat' dir='ltr'>cum</span> <span class='ocrx_word' id='word_1_196' title='bbox 317 3712 390 3775; x_wconf 89' lang='lat' dir='ltr'>suis</span> <span class='ocrx_word' id='word_1_197' title='bbox 404 3711 626 3794; x_wconf 90' lang='lat' dir='ltr'>complicibus</span> <span class='ocrx_word' id='word_1_198' title='bbox 647 3710 720 3793; x_wconf 80' lang='lat' dir='ltr'>regi</span> <span class='ocrx_word' id='word_1_199' title='bbox 742 3708 904 3792; x_wconf 76' lang='lat' dir='ltr'>quamdiu</span> <span class='ocrx_word' id='word_1_200' title='bbox 920 3709 1010 3775; x_wconf 84' lang='lat' dir='ltr'>vixit</span> <span class='ocrx_word' id='word_1_201' title='bbox 1023 3710 1187 3778; x_wconf 90' lang='lat' dir='ltr'>damnose</span> <span class='ocrx_word' id='word_1_202' title='bbox 1209 3715 1309 3779; x_wconf 88' lang='lat' dir='ltr'>nimis</span> 
     </span>
     <span class='ocr_line' id='line_1_30' title="bbox 223 3808 727 3876; baseline 0.004 -2"><span class='ocrx_word' id='word_1_203' title='bbox 223 3819 258 3876; x_wconf 89' lang='lat' dir='ltr'>et</span> <span class='ocrx_word' id='word_1_204' title='bbox 272 3808 454 3876; x_wconf 87' lang='lat' dir='ltr'>efficaciter</span> <span class='ocrx_word' id='word_1_205' title='bbox 469 3810 727 3876; x_wconf 85' lang='lat' dir='ltr'>adversabatur.</span> 
     </span>
    </p>
   </div>
   <div class='ocr_carea' id='block_1_3' title="bbox 353 3973 1170 4062">
    <p class='ocr_par' dir='ltr' id='par_1_3' title="bbox 353 3973 1170 4062">
     <span class='ocr_line' id='line_1_31' title="bbox 353 3973 1170 4062; baseline -0.002 -21"><span class='ocrx_word' id='word_1_206' title='bbox 353 3977 421 4041; x_wconf 82' lang='lat' dir='ltr'>Rau</span> <span class='ocrx_word' id='word_1_207' title='bbox 441 3974 612 4041; x_wconf 77' lang='lat' dir='ltr'>Willelmus</span> <span class='ocrx_word' id='word_1_208' title='bbox 627 3974 706 4061; x_wconf 62' lang='lat' dir='ltr'>repub</span> <span class='ocrx_word' id='word_1_209' title='bbox 722 3974 882 4039; x_wconf 71' lang='lat' dir='ltr'>Scotorum</span> <span class='ocrx_word' id='word_1_210' title='bbox 895 3973 1070 4061; x_wconf 74' lang='lat' dir='ltr'>homopium</span> <span class='ocrx_word' id='word_1_211' title='bbox 1085 3979 1170 4062; x_wconf 73' lang='lat' dir='ltr'>cepit.</span> 
     </span>
    </p>
   </div>
   <div class='ocr_carea' id='block_1_4' title="bbox 225 4105 1314 4690">
    <p class='ocr_par' dir='ltr' id='par_1_4' title="bbox 225 4105 1314 4690">
     <span class='ocr_line' id='line_1_32' title="bbox 276 4105 1311 4187; baseline 0.003 -16"><span class='ocrx_word' id='word_1_212' title='bbox 276 4105 378 4172; x_wconf 82' lang='lat' dir='ltr'>Auno</span> <span class='ocrx_word' id='word_1_213' title='bbox 409 4108 551 4173; x_wconf 88' lang='lat' dir='ltr'>Domini</span> <span class='ocrx_word' id='word_1_214' title='bbox 584 4122 734 4172; x_wconf 75' lang='lat' dir='ltr'>uum.</span> <span class='ocrx_word' id='word_1_215' title='bbox 765 4124 828 4170; x_wconf 85' lang='lat' dir='ltr'>rex</span> <span class='ocrx_word' id='word_1_216' title='bbox 856 4105 1051 4171; x_wconf 89' lang='lat' dir='ltr'>Willelmus</span> <span class='ocrx_word' id='word_1_217' title='bbox 1080 4108 1242 4187; x_wconf 89' lang='lat' dir='ltr'>Scotiam,</span> <span class='ocrx_word' id='word_1_218' title='bbox 1270 4130 1311 4174; x_wconf 89' lang='lat' dir='ltr'>eo</span> 
     </span>
     <span class='ocr_line' id='line_1_33' title="bbox 226 4206 1312 4291; baseline 0.004 -21"><span class='ocrx_word' id='word_1_219' title='bbox 226 4206 319 4290; x_wconf 90' lang='lat' dir='ltr'>quod</span> <span class='ocrx_word' id='word_1_220' title='bbox 342 4207 472 4272; x_wconf 88' lang='lat' dir='ltr'>nobiles</span> <span class='ocrx_word' id='word_1_221' title='bbox 498 4206 637 4291; x_wconf 79' lang='lat' dir='ltr'>Angliss</span> <span class='ocrx_word' id='word_1_222' title='bbox 662 4206 846 4271; x_wconf 89' lang='lat' dir='ltr'>indomitos</span> <span class='ocrx_word' id='word_1_223' title='bbox 873 4212 1122 4289; x_wconf 87' lang='lat' dir='ltr'>receptaverat,</span> <span class='ocrx_word' id='word_1_224' title='bbox 1143 4206 1312 4274; x_wconf 89' lang='lat' dir='ltr'>hostiliter</span> 
     </span>
     <span class='ocr_line' id='line_1_34' title="bbox 225 4304 1311 4389; baseline 0.003 -19"><span class='ocrx_word' id='word_1_225' title='bbox 225 4307 395 4389; x_wconf 89' lang='lat' dir='ltr'>impetens</span> <span class='ocrx_word' id='word_1_226' title='bbox 427 4307 580 4389; x_wconf 82' lang='lat' dir='ltr'>sperarit</span> <span class='ocrx_word' id='word_1_227' title='bbox 603 4305 728 4371; x_wconf 90' lang='lat' dir='ltr'>ibidem</span> <span class='ocrx_word' id='word_1_228' title='bbox 758 4305 893 4388; x_wconf 80' lang='lat' dir='ltr'>sliquos</span> <span class='ocrx_word' id='word_1_229' title='bbox 917 4304 960 4369; x_wconf 91' lang='lat' dir='ltr'>de</span> <span class='ocrx_word' id='word_1_230' title='bbox 984 4304 1141 4370; x_wconf 90' lang='lat' dir='ltr'>hostibus</span> <span class='ocrx_word' id='word_1_231' title='bbox 1168 4309 1240 4372; x_wconf 91' lang='lat' dir='ltr'>suis</span> <span class='ocrx_word' id='word_1_232' title='bbox 1258 4309 1311 4373; x_wconf 90' lang='lat' dir='ltr'>iu·</span> 
     </span>
     <span class='ocr_line' id='line_1_35' title="bbox 226 4402 1312 4489; baseline 0.003 -18"><span class='ocrx_word' id='word_1_233' title='bbox 226 4406 367 4485; x_wconf 83' lang='lat' dir='ltr'>venire3</span> <span class='ocrx_word' id='word_1_234' title='bbox 403 4406 463 4470; x_wconf 90' lang='lat' dir='ltr'>sed</span> <span class='ocrx_word' id='word_1_235' title='bbox 492 4406 577 4489; x_wconf 90' lang='lat' dir='ltr'>ipsis</span> <span class='ocrx_word' id='word_1_236' title='bbox 604 4406 640 4471; x_wconf 92' lang='lat' dir='ltr'>in</span> <span class='ocrx_word' id='word_1_237' title='bbox 670 4405 821 4471; x_wconf 89' lang='lat' dir='ltr'>locorum</span> <span class='ocrx_word' id='word_1_238' title='bbox 852 4402 996 4469; x_wconf 87' lang='lat' dir='ltr'>desertis</span> <span class='ocrx_word' id='word_1_239' title='bbox 1027 4405 1244 4470; x_wconf 88' lang='lat' dir='ltr'>latitantibus</span> <span class='ocrx_word' id='word_1_240' title='bbox 1277 4417 1312 4474; x_wconf 89' lang='lat' dir='ltr'>et</span> 
     </span>
     <span class='ocr_line' id='line_1_36' title="bbox 227 4504 1313 4590; baseline 0.002 -21"><span class='ocrx_word' id='word_1_241' title='bbox 227 4505 431 4589; x_wconf 84' lang='lat' dir='ltr'>quaudoque</span> <span class='ocrx_word' id='word_1_242' title='bbox 452 4506 617 4590; x_wconf 89' lang='lat' dir='ltr'>impetum</span> <span class='ocrx_word' id='word_1_243' title='bbox 638 4506 674 4570; x_wconf 90' lang='lat' dir='ltr'>in</span> <span class='ocrx_word' id='word_1_244' title='bbox 701 4504 923 4570; x_wconf 89' lang='lat' dir='ltr'>Normannos</span> <span class='ocrx_word' id='word_1_245' title='bbox 949 4505 1073 4587; x_wconf 89' lang='lat' dir='ltr'>raptim</span> <span class='ocrx_word' id='word_1_246' title='bbox 1096 4504 1313 4585; x_wconf 86' lang='lat' dir='ltr'>facientibus,</span> 
     </span>
     <span class='ocr_line' id='line_1_37' title="bbox 227 4604 1314 4690; baseline 0.002 -21"><span class='ocrx_word' id='word_1_247' title='bbox 227 4625 304 4670; x_wconf 89' lang='lat' dir='ltr'>cum</span> <span class='ocrx_word' id='word_1_248' title='bbox 333 4625 401 4671; x_wconf 89' lang='lat' dir='ltr'>uon</span> <span class='ocrx_word' id='word_1_249' title='bbox 424 4613 542 4690; x_wconf 90' lang='lat' dir='ltr'>posset</span> <span class='ocrx_word' id='word_1_250' title='bbox 566 4606 659 4690; x_wconf 90' lang='lat' dir='ltr'>ipsos</span> <span class='ocrx_word' id='word_1_251' title='bbox 687 4610 847 4688; x_wconf 88' lang='lat' dir='ltr'>patenter</span> <span class='ocrx_word' id='word_1_252' title='bbox 873 4604 1066 4682; x_wconf 85' lang='lat' dir='ltr'>convenire,</span> <span class='ocrx_word' id='word_1_253' title='bbox 1091 4604 1172 4670; x_wconf 89' lang='lat' dir='ltr'>licet</span> <span class='ocrx_word' id='word_1_254' title='bbox 1199 4607 1314 4671; x_wconf 83' lang='lat' dir='ltr'>omniu</span> 
     </span>
    </p>
   </div>
   <div class='ocr_carea' id='block_1_5' title="bbox 0 0 1694 5734">
    <p class='ocr_par' dir='ltr' id='par_1_5' title="bbox 0 0 1694 5734">
     <span class='ocr_line' id='line_1_38' title="bbox 0 0 1694 5734; baseline 0 0"><span class='ocrx_word' id='word_1_255' title='bbox 0 0 1694 5734; x_wconf 95' lang='lat' dir='ltr'> </span> 
     </span>
    </p>
   </div>
  </div>
 </body>
</html>
