3334 5734
566 813 765 866 sscnronss
787 818 917 867 visis.
1217 800 1281 868 261

191 989 344 1072 pitalsrii
367 993 533 1058 minorem
561 1003 677 1061 notam
696 996 847 1062 infamias
866 1011 969 1081 super
989 997 1054 1063 hoc
1080 997 1171 1063 facto
1197 1017 1278 1063 cou-

189 1096 383 1157 traxerunt
435 1093 491 1157 Ex
506 1114 547 1159 eo
560 1094 667 1178 igitur
680 1103 832 1180 tempore
848 1097 1084 1180 conglutinata
1098 1104 1152 1162 est
1165 1097 1280 1162 anima

189 1190 410 1274 imperatoris
443 1213 521 1258 cum
555 1196 669 1260 anima
698 1195 839 1262 Soldani
867 1197 1093 1262 indissolubili
1122 1206 1278 1262 cemento

190 1288 386 1356 dilectionis
398 1300 435 1358 et
450 1294 622 1372 amicitiae,
645 1302 681 1360 et
695 1296 917 1362 consoederati
938 1303 1043 1377 suut3
1066 1305 1101 1362 et
1115 1297 1278 1361 miserunt

190 1389 257 1454 sibi
273 1390 428 1456 vicissim
448 1411 591 1459 munera
607 1395 768 1478 pretiosa,
787 1397 877 1461 inter
893 1416 970 1479 quae
992 1397 1086 1461 misit
1109 1396 1279 1462 Soldanus

188 1488 392 1573 imperatori
428 1512 535 1557 unum
582 1493 807 1578 elephantem.
869 1495 1123 1578 comperientes
1163 1503 1278 1561 autem

189 1586 384 1672 Templarii
414 1599 450 1657 et
479 1592 720 1678 Hospitalarii,
751 1614 827 1658 cum
859 1595 930 1659 suis
958 1595 1190 1679 complicibus,
1218 1596 1279 1659 im·

188 1690 362 1770 peratoris
386 1692 706 1774 peregrinationem,
730 1713 831 1777 quam
851 1694 973 1760 fecisse
994 1694 1037 1760 ad
1060 1695 1184 1760 flumen
1199 1694 1280 1760 Jor-

187 1787 290 1852 danis
307 1799 547 1872 proposuerat,
564 1792 702 1870 differri,
725 1793 969 1859 intellexerunt
984 1814 1046 1878 per
1062 1794 1145 1858 illud
1160 1801 1196 1859 et
1209 1794 1279 1859 alia

186 1886 318 1952 indicia
336 1889 455 1954 dolum
469 1910 569 1955 suum
585 1891 707 1957 effectu
729 1894 898 1971 caruisso;
925 1894 1152 1976 patriarcham
1174 1894 1280 1977 igitur

186 1984 547 2072 Hierosolymitanum
572 1991 614 2055 ad
634 2011 731 2056 suam
751 1999 968 2058 attraxerunt
982 1992 1280 2078 conspirationem,

184 2086 247 2169 qui
262 2085 357 2151 hanc
378 2089 559 2172 epistolam
577 2091 619 2155 ad
637 2090 878 2157 diffamandum
895 2092 1132 2176 imperatorem
1154 2093 1280 2158 dicitur

184 2187 461 2271 conscripsisse3

342 2353 490 2439 Epistola
508 2354 643 2432 Goroldi,
651 2356 843 2442 patriarcba
857 2356 1138 2442 Hierosolymitoai.

235 2484 454 2563 ‘Geroldus,
492 2486 687 2570 patriarcba
725 2488 1075 2574 Hierosolymitanus,
1107 2491 1278 2555 universis

186 2583 320 2650 Christi
335 2584 496 2650 fidelibus
509 2586 545 2650 iu
559 2586 707 2652 Domino
729 2588 887 2654 salutem.
939 2589 1051 2668 Quam
1070 2589 1281 2669 mirabiliter,

183 2684 254 2751 imo
282 2683 534 2763 miserabiliter,
568 2687 612 2750 ab
641 2687 739 2751 initio
762 2706 872 2772 usque
900 2689 944 2753 ad
971 2689 1084 2765 finem,
1112 2690 1148 2752 in
1172 2708 1279 2772 grave

182 2784 426 2868 praejudicium
440 2785 570 2867 negotii
583 2784 606 2850 J
608 2804 668 2850 esu
685 2784 813 2852 Christi
830 2794 866 2852 et
884 2787 963 2851 fidei
981 2786 1185 2852 Christianae
1198 2807 1279 2852 con·

183 2891 367 2968 temptum,
382 2885 420 2947 in
441 2885 597 2968 partibus
612 2884 801 2949 cismarinis
818 2886 1022 2969 processerit
1035 2887 1231 2969 imperator,
1249 2887 1279 2951 si

185 2983 289 3068 plene
322 2983 551 3066 intelligatur,
580 2984 617 3048 in
652 3003 813 3068 processu
842 2985 949 3070 ipsius
983 3004 1006 3050 a
1034 2985 1156 3067 planta
1182 2984 1279 3069 pedis

187 3101 301 3167 usqne
317 3082 361 3148 ad
377 3082 539 3149 verticem
559 3103 627 3149 non
642 3084 769 3166 poterit
784 3086 916 3150 sanitas
925 3084 1093 3163 inveniri3
1120 3086 1281 3168 quoniam

185 3183 223 3247 in
238 3183 394 3248 adventu
408 3202 473 3249 suo
496 3182 810 3248 excommunicatus
824 3184 930 3263 venit,
944 3184 1005 3248 vix
1022 3202 1137 3248 secum
1152 3184 1280 3250 ducens

185 3282 314 3348 milites
338 3282 580 3367 quadraginta,
607 3289 643 3346 et
668 3283 742 3346 sine
769 3284 926 3366 pecnnia,
953 3301 1095 3366 sperans
1117 3284 1210 3367 quod
1237 3284 1279 3349 de

185 3382 309 3466 spoliis
335 3381 568 3447 habitatorum
591 3381 700 3466 Syriae
721 3391 839 3465 posset
860 3401 958 3447 suam
980 3382 1128 3466 inopiam
1146 3391 1281 3449 susten-

184 3490 274 3548 tare.
326 3481 513 3565 Primoque
525 3481 561 3546 iu
577 3479 729 3565 Cyprum
745 3482 885 3548 veniens
900 3482 1047 3548 nobilem
1060 3483 1171 3548 virum
1189 3482 1218 3548 Ι.
1236 3484 1279 3549 de

186 3581 353 3647 Ybellino
379 3594 415 3646 et
438 3580 528 3645 filios
555 3599 649 3660 suos,
673 3600 760 3664 quos
783 3581 909 3648 ibidem
940 3582 1120 3647 occasione
1148 3585 1278 3665 negotii

187 3680 308 3747 Terrae
332 3688 463 3746 sanctae
486 3680 614 3746 fecerat
630 3682 822 3760 convenire,
848 3682 959 3746 minus
980 3682 1154 3748 curialiter
1177 3684 1281 3768 cepit,

188 3780 233 3845 ad
251 3799 353 3845 sunm
372 3780 553 3865 prandium
567 3780 744 3846 invitatos.
796 3781 1020 3848 Postmodum
1037 3801 1165 3864 regem,
1179 3802 1281 3866 quem

189 3879 233 3944 ad
253 3899 292 3944 se
307 3881 425 3945 venire
450 3879 587 3957 fecerat,
610 3881 751 3945 retinuit
772 3882 872 3965 quasi
898 3888 1056 3964 captum3
1083 3882 1200 3965 sicque
1221 3901 1283 3965 per

188 3979 388 4045 violentiam
406 3986 442 4045 et
456 3977 609 4044 fraudem
624 3999 767 4063 regnum
781 3981 917 4063 penitus
933 3981 1125 4063 occupavit.
1155 3979 1283 4044 Trans·

188 4079 230 4143 iit
246 4080 282 4143 in
300 4079 450 4164 Syrium,
467 4078 520 4143 his
541 4080 701 4162 peractis.
753 4079 910 4163 Cumque
929 4080 965 4143 in
984 4080 1153 4163 principio
1168 4080 1283 4144 verbis

188 4178 363 4243 mirabilia
380 4198 417 4243 se
431 4178 646 4262 promitteret
659 4177 841 4255 facturum,
868 4189 904 4245 et
922 4198 959 4243 se
980 4178 1151 4262 superbis
1168 4197 1283 4243 coram

188 4278 404 4362 simplicibus
424 4278 615 4363 jactitaret,
644 4278 760 4344 statim
793 4279 838 4343 ad
867 4277 1054 4344 Soldanum
1081 4278 1283 4363 Babyloniae

186 4379 285 4461 pacis
300 4378 439 4442 nuntios
458 4376 665 4459 destinavit3
688 4386 828 4462 propter
846 4378 938 4462 qnod
953 4378 989 4442 in
1004 4386 1189 4462 conspectu
1205 4377 1282 4444 Sol·

186 4478 270 4544 dani
296 4486 333 4541 et
362 4496 502 4542 suorum
530 4495 744 4561 paganorum
775 4479 889 4544 factus
920 4484 973 4544 est
1004 4479 1283 4564 contemptibilis,

186 4578 362 4662 praecipue
390 4597 469 4642 cum
500 4578 613 4661 ipsum
643 4578 875 4662 intelligerent
907 4598 1022 4645 secum
1052 4599 1121 4645 non
1149 4586 1282 4646 tantam
