3334 5734
361 763 429 832 m
726 780 924 831 enormitas
944 780 1075 831 vinis

377 907 432 946 Μ.
464 907 517 944 ΠΙ.

367 969 441 1046 386,
479 972 514 1047 8,
524 965 644 1055 patae
756 968 967 1033 ornamentis
981 963 1098 1031 variis.

366 1134 416 1147 -
481 1095 513 1170 9,
533 1090 714 1177 lstspaaicis
743 1089 918 1177 'pretiosis
935 1089 979 1154 ad
996 1088 1104 1172 agiles
1123 1108 1243 1154 cursus
1261 1088 1450 1155 calcaribus

534 1190 715 1256 ...monda-
782 1189 1042 1256 admoventibus
1073 1190 1287 1268 coercebant,
1310 1190 1391 1253 dum
1417 1199 1451 1256 et

527 1301 716 1376 Μαυρου-
782 1308 911 1355 cannas
932 1297 968 1353 et
987 1288 1117 1368 hastas,
1134 1308 1220 1373 quas
1240 1289 1396 1354 ferebant
1418 1291 1452 1354 in

534 1399 604 1455 tum
784 1390 954 1466 manibus,
980 1388 1015 1452 in
1045 1388 1258 1467 alterutrum,
1289 1389 1389 1472 quasi
1416 1391 1452 1453 in

571 1499 578 1511 ‘
783 1487 979 1563 hastiludio,
997 1488 1245 1571 confregerunt.
1295 1488 1454 1553 Advene-

785 1595 867 1653 runt
888 1588 990 1652 etiam
1014 1607 1076 1672 per
1099 1589 1332 1670 excogitatum
1359 1588 1454 1670 inge-

786 1689 881 1753 nium
904 1706 1009 1753 naves
1036 1688 1136 1770 quasi
1161 1689 1367 1770 remigantes
1395 1706 1454 1770 per

788 1786 930 1865 aridam,
954 1786 1050 1870 equis
1071 1787 1279 1852 absconditis
1300 1794 1336 1852 et
1355 1788 1454 1851 tectis

787 1887 905 1952 sericis
933 1886 1153 1970 coopertoriis
1183 1885 1261 1951 illas
1291 1885 1454 1951 trahenti·

788 1988 852 2052 bue
866 2006 876 2067 3
898 1987 1071 2069 inquibus
1084 1987 1230 2053 navibus
1246 1985 1360 2052 clerici
1376 2004 1455 2050 sua·

790 2087 880 2151 viter
892 2085 1117 2164 modulantes,
1129 2106 1208 2151 cnm
1221 2086 1359 2170 organis
1371 2085 1457 2150 bene

791 2186 1004 2263 sonantibus,
1037 2185 1253 2250 audientibus
1287 2184 1457 2250 inauditas

791 2304 868 2350 cum
880 2292 1019 2369 stupore
1027 2285 1179 2350 feceruut
1188 2283 1363 2350 melodias.
1386 2282 1458 2367 Ap-

791 2385 954 2467 propians
993 2385 1100 2466 igitur
1136 2385 1268 2450 civitati
1305 2384 1457 2450 Colouiae

790 2482 992 2566 inperatrix
1005 2484 1133 2548 talibus
1145 2484 1282 2549 intravit
1294 2484 1458 2548 comitata

791 2582 961 2666 tripudiis,
977 2590 1018 2647 nt
1032 2591 1107 2648 tota
1123 2584 1185 2648 illa
1199 2582 1318 2648 nobilis
1334 2583 1459 2649 civitas

793 2680 1104 2764 gaudiovideretur
1119 2682 1317 2748 redundare.
1367 2681 1459 2746 Con·

792 2782 965 2846 duxemut
979 2782 1083 2846 etiam
1099 2801 1174 2847 earn
1194 2782 1298 2845 duces
1312 2781 1387 2866 ejus
1402 2801 1461 2865 per

793 2880 999 2965 principales
1013 2881 1145 2966 plateas
1161 2882 1324 2959 civitatis,
1344 2890 1461 2946 contra

793 2981 901 3063 ipsius
927 2981 1124 3060 adventurn,
1144 2988 1217 3045 tum
1242 2989 1382 3065 propter
1403 3001 1464 3045 uo·

793 3080 913 3144 bilium
942 3078 1133 3164 Anglornm
1161 3080 1359 3159 adventurn,
1390 3089 1461 3144 tum

793 3188 834 3243 ut
857 3180 908 3244 sic
928 3181 1041 3261 gratia
1057 3181 1272 3263 imperatoris
1284 3181 1462 3262 aspiraret,

793 3277 1026 3363 multipliciter
1049 3279 1242 3344 adornatas.
1293 3279 1360 3344 Sed
1386 3300 1461 3344 cum

793 3397 958 3459 generosa
1004 3380 1203 3461 imperatrix
1247 3379 1464 3462 cognovisset

793 3478 886 3560 quod
911 3497 1040 3557 omnes,
1068 3487 1104 3544 et
1131 3480 1301 3563 precipue
1332 3479 1461 3545 nobiles

793 3585 958 3642 matronae
974 3577 1205 3657 Colonienses,
1222 3598 1300 3663 quae
1320 3579 1357 3642 in
1377 3578 1463 3643 sola·

793 3677 853 3742 riis
866 3677 1022 3742 sedentes
1035 3686 1071 3744 et
1080 3678 1292 3761 glomeratim
1307 3678 1344 3742 in
1355 3678 1462 3743 diver·

793 3777 907 3841 ticulis
917 3778 1068 3844 vicorum
1081 3778 1333 3855 convenientes,
1342 3778 1461 3843 faciem

793 3875 869 3959 ejus
909 3875 1022 3941 videre
1061 3878 1255 3961 cupiebant,
1295 3878 1461 3961 capellum

792 3994 891 4040 suum
905 3995 948 4041 ex
970 3977 1083 4061 capite
1101 3997 1177 4042 cum
1199 3977 1301 4061 peplo
1315 3977 1461 4056 demisit,

793 4082 832 4138 ut
845 4075 994 4140 universi
1011 4076 1154 4141 liberum
1168 4077 1204 4141 in
1218 4076 1327 4163 ipsius
1344 4096 1463 4141 serena

792 4173 877 4238 facie
892 4183 1066 4259 aspectum
1080 4175 1244 4240 habentes
1257 4175 1376 4241 oculos
1386 4196 1462 4242 cum

791 4281 930 4357 stupore
958 4285 1172 4355 recrearent;
1205 4276 1240 4340 in
1271 4295 1340 4359 qno
1372 4276 1463 4341 facto
1530 4344 1533 4348 ,

790 4374 938 4437 omnium
949 4373 1153 4441 intuentium
1169 4375 1344 4440 animosiu
1355 4376 1462 4460 ipsius

789 4472 1001 4537 dilectionem
1020 4476 1105 4539 adeo
1126 4475 1316 4552 inclinavit,
1332 4483 1371 4540 ut
1388 4477 1461 4540 uui·

788 4573 877 4635 versi
899 4581 933 4636 et
952 4574 1090 4656 singuli,
1113 4574 1291 4640 laudantes
1314 4583 1349 4640 et
1362 4577 1464 4639 bene·
