3334 5734
563 817 761 868 moriones
783 817 915 868 vsnrn.
1217 801 1281 869 leo

195 1000 442 1067 ‘Innocentius
469 1001 662 1085 episcopus,
683 1009 720 1067 et
741 1008 879 1080 caetera,
896 998 1146 1066 venerabilibus
1167 1000 1282 1066 frutri-

192 1101 257 1167 bus
279 1108 315 1165 et
338 1100 472 1167 dilectis
498 1100 577 1166 liliis
603 1099 773 1166 universis
803 1101 1022 1167 ecclesiarum
1042 1100 1195 1184 praelatis
1220 1119 1282 1184 per

193 1197 356 1282 Angliam
388 1201 597 1278 constitutis,
618 1200 773 1274 ,salutem
804 1208 840 1265 et
872 1200 1095 1284 apostolicam
1127 1199 1282 1265 benedic·

194 1300 334 1365 tionem.
398 1300 523 1383 Dignis
563 1300 721 1365 laudibus
761 1299 950 1365 attollimus
992 1298 1281 1383 magnificentiam

195 1396 382 1478 creatoris,
403 1406 585 1484 postquam
606 1399 707 1478 idem,
729 1399 789 1483 qui
812 1406 867 1464 est
885 1398 1049 1464 mirabilis
1070 1405 1106 1463 et
1120 1398 1281 1463 terribilis

195 1499 232 1562 in
250 1499 402 1563 consiliis
419 1517 524 1582 super
544 1498 633 1564 filios
648 1499 836 1577 hominum,
853 1497 1051 1582 aliquandiu
1068 1496 1227 1563 toleravit
1241 1507 1281 1562 ut

193 1597 370 1681 perflando
398 1598 605 1663 discurreret
624 1617 686 1682 per
706 1598 857 1663 areolam
878 1597 970 1663 horti
993 1597 1047 1661 sni
1069 1589 1183 1681 ¹spem
1198 1603 1281 1662 tem·

193 1698 339 1780 pestatis
372 1697 472 1781 qnasi
498 1696 631 1775 ludens,
659 1697 775 1762 taliter
798 1697 835 1761 in
860 1698 943 1762 orbe
967 1703 1146 1775 terrarum,
1170 1703 1210 1762 nt
1230 1696 1282 1761 sic

194 1797 390 1861 ostenderet
410 1797 643 1863 infirmitatem
664 1803 700 1862 et
714 1793 986 1861 insufficientiam
1005 1797 1125 1876 nobis;
1151 1795 1281 1874 statim,

194 1914 273 1960 cnm
294 1897 417 1973 voluit,
437 1896 527 1961 dixit
542 1903 578 1961 et
594 1895 757 1979 aquiloni,
773 1901 783 1931 ‘
796 1896 876 1972 Da,’
890 1903 926 1961 et
940 1902 1069 1974 austro,
1083 1894 1189 1960 ‘Noli
1204 1915 1280 1978 pro

192 1995 332 2074 hibere,'
355 1997 596 2080 imperansque
622 1996 734 2060 ventis
757 2014 819 2079 per
844 2014 938 2060 mare
954 1996 1078 2060 statuit
1097 1994 1280 2079 procellam

193 2097 229 2159 in
247 2114 344 2174 aura,
358 2103 397 2160 nt
413 2104 529 2160 nautae
543 2102 682 2178 portum
694 2095 872 2161 inveniant
886 2101 1128 2179 praeoptatum.
1179 2092 1282 2159 Cum-

194 2214 263 2278 qne
280 2196 370 2260 enim
391 2196 482 2260 inter
501 2212 645 2278 regnum
661 2202 697 2260 et
713 2195 941 2260 sacerdotium
954 2192 1198 2276 Anglicanum,
1212 2213 1282 2258 non

193 2295 270 2358 sine
297 2314 422 2378 magno
449 2293 602 2379 periculo
631 2302 735 2379 atque
762 2294 899 2371 damno,
927 2312 1030 2377 super
1058 2293 1281 2359 electionibus

194 2393 415 2478 praelatorum
441 2394 557 2477 gravis
586 2393 688 2460 suerit
718 2394 953 2460 controversia
978 2392 1108 2458 dicbus
1135 2393 1280 2476 mium,

193 2494 254 2559 illo
277 2493 428 2572 tandem,
451 2495 507 2559 cui
538 2493 623 2559 nihil
651 2493 860 2576 impossibile
884 2500 949 2571 est,
972 2493 1098 2577 quique
1123 2492 1182 2558 nbi
1206 2492 1282 2560 vult

192 2593 315 2677 spirat,
346 2593 548 2659 mirabiliter
576 2600 752 2677 operante,
776 2591 972 2658 carissimus
1001 2592 1191 2671 lohannes,
1218 2612 1283 2659 rex

194 2690 389 2774 Anglorum
418 2693 574 2770 illustris,
607 2692 794 2758 liberaliter
828 2711 871 2758 ex
900 2710 996 2757 mera
1024 2700 1061 2758 et
1090 2699 1282 2776 spontanea

193 2793 385 2871 voluntate,
409 2792 451 2858 de
475 2810 644 2859 consensu
665 2792 837 2857 communi
859 2793 1026 2857 baronum
1047 2810 1199 2871 snorum,
1218 2810 1283 2875 pro

194 2892 307 2958 salute
328 2893 453 2958 animae
474 2910 547 2957 sua
568 2898 605 2957 et
629 2891 914 2975 predecessorum
934 2909 1073 2956 suorum
1096 2897 1132 2955 et
1149 2908 1285 2956 ποωε-

193 3010 322 3071 sorum,
348 2990 446 3059 nobis
471 2991 640 3057 concessit
661 2998 697 3055 et
715 2991 787 3055 suis
810 2989 920 3056 literis
944 2989 1172 3067 confirmavit,
1187 2996 1227 3054 nt
1241 2989 1284 3055 de

131 3150 135 3156 ,
193 3099 319 3157 caetero
340 3092 376 3155 in
402 3091 572 3157 universis
595 3096 631 3155 et
652 3089 798 3172 singulis
825 3089 977 3155 ecclesiis
1002 3108 1043 3154 ac
1066 3089 1282 3155 monasteriis

192 3190 446 3257 cathedralibus
473 3198 509 3256 et
535 3189 818 3256 conventualibus
841 3188 948 3254 totins
970 3189 1067 3271 regni
1088 3187 1224 3272 Angliae
1245 3189 1282 3253 in

191 3299 394 3374 perpetuum
417 3289 535 3355 liberae
562 3289 648 3354 liant
668 3286 851 3354 electiones
877 3306 1169 3372 quorumcumque
1193 3307 1283 3373 prae-

191 3390 354 3469 latorum,
376 3389 543 3475 majorum
571 3397 607 3455 et
629 3389 732 3454 etiam
760 3388 938 3454 minorum.
990 3387 1067 3453 Nos
1088 3388 1195 3471 igitur
1217 3387 1283 3455 hoc

192 3496 332 3572 gratnm
376 3497 412 3555 et
449 3497 561 3554 ratum
596 3489 760 3554 habentes
796 3488 1051 3553 concessionem
1086 3486 1282 3572 hujusmodi

191 3589 304 3667 vobis,
319 3596 354 3654 et
370 3608 432 3673 per
446 3608 511 3653 vos
530 3588 682 3654 ecclesiis
704 3595 740 3653 et
756 3587 1010 3652 successoribus
1028 3587 1164 3666 vestris,
1178 3596 1282 3673 prout

191 3688 230 3753 in
244 3689 370 3754 eisdem
385 3688 494 3754 literis
511 3687 602 3771 regis
617 3686 854 3772 perspeximus
875 3686 1053 3764 contineri,
1077 3687 1283 3754 anctoritate

192 3789 384 3871 apostolica
405 3787 646 3853 confirmamus
672 3795 708 3852 et
732 3787 912 3872 presentis
943 3787 1062 3870 scripti
1090 3787 1283 3869 patrocinio

192 3888 453 3952 communimus.
469 3884 526 3951 Ad
536 3886 699 3971 majorem
709 3893 824 3952 antem
831 3885 1026 3952 firmitatem
1035 3891 1071 3951 et
1081 3893 1281 3970 perpetuam

190 3987 390 4052 memoriam
406 3985 510 4071 hujus
528 3986 577 4051 rei
591 3985 754 4070 praefatas
772 3987 864 4068 regis
877 3984 996 4050 literas
1008 3984 1281 4068 snperhoccon·

190 4086 301 4150 sectas
311 4086 538 4170 praesentibus
549 4086 682 4151 misceri
691 4085 844 4163 fecimus,
857 4103 1000 4169 quarum
1010 4091 1109 4150 tenor
1117 4084 1197 4150 talis
1210 4091 1279 4164 est3

190 4184 392 4250 ‘Johannes
417 4185 483 4251 Dei
509 4185 623 4268 gratia
641 4205 703 4250 rex
727 4183 878 4268 Angliae,
901 4183 1059 4249 dominus
1080 4181 1281 4267 Hybernioe,

190 4285 264 4348 dnx
303 4284 526 4350 Normanuiae
557 4291 593 4351 et
620 4282 832 4369 Aquitaniae,
862 4302 975 4349 comes
1009 4282 1281 4366 Audegaveusis,

191 4384 472 4469 archiepiscopis,
491 4385 673 4468 episcopis,
688 4385 880 4461 comitibus,
892 4383 1089 4462 baronibus,
1105 4381 1282 4461 militibus,

595 4609 704 4675 opem]
720 4610 847 4673 Spiritum
859 4611 888 4662 0.
