3334 5734
386 757 452 824 256
748 774 948 823 nncrrouss
971 776 1104 826 vanis.

386 958 574 1033 venientes,
599 964 634 1021 et
653 957 791 1021 domum
825 957 1004 1042 cujusdam
1032 958 1198 1042 cauponis
1226 957 1395 1025 violenter
1425 959 1476 1023 in·

386 1056 590 1136 gradientes,
624 1075 709 1122 vasa
747 1056 862 1121 omnia
896 1056 1027 1121 vinalia
1065 1057 1321 1141 confringentes
1360 1059 1476 1124 vinum

386 1174 449 1238 per
486 1156 608 1221 domus
651 1156 884 1239 pavimentum
924 1155 1130 1234 diffundunt,
1171 1165 1217 1234 et,
1255 1157 1478 1241 procedentes

385 1272 447 1337 per
467 1255 613 1338 plateas,
636 1274 860 1339 quoscunque
886 1256 1092 1321 inuenerunt
1118 1256 1211 1322 viros
1235 1264 1298 1322 aut
1318 1258 1477 1322 mulieres

386 1354 511 1419 acriter
541 1354 709 1420 invadunt
737 1363 773 1420 et
803 1355 917 1439 plagis
950 1356 1122 1438 impositis
1160 1356 1345 1422 semivivos
1378 1358 1480 1421 relin-

385 1461 507 1535 quunt.
559 1452 661 1518 Prior
682 1473 764 1520 vero
783 1455 895 1519 sancti
916 1454 1087 1533 Marcelli,
1105 1475 1183 1520 cum
1205 1463 1339 1520 tantam
1367 1455 1476 1520 bomi-

387 1554 487 1616 nibus
507 1552 667 1638 injuriam
686 1554 905 1636 cognovisset
921 1554 1064 1632 illatam,
1080 1574 1167 1638 qnos
1184 1555 1365 1620 defendere
1386 1564 1478 1620 tene-

387 1652 501 1731 batur,
522 1654 768 1737 qnerimoniam
792 1672 908 1718 coram
937 1653 1097 1719 Romano
1123 1654 1239 1736 legato
1261 1662 1297 1719 et
1318 1655 1479 1738 episcopo

389 1749 617 1817 Parisiacensi
641 1752 825 1837 deposuit;
851 1753 912 1835 qui
937 1753 1040 1817 simul
1064 1753 1109 1817 ad
1128 1754 1293 1836 reginam,
1315 1755 1373 1818 cui
1397 1763 1477 1819 tunc

388 1852 486 1935 regni
509 1852 688 1935 dispositio
710 1852 892 1917 commissa
913 1851 1038 1930 iuerat,
1060 1863 1284 1936 properanter
1308 1855 1479 1936 rogabant

388 1969 464 2015 eam
491 1959 531 2017 nt
560 1950 665 2017 talem
690 1949 852 2036 injuriam
878 1952 1081 2035 praeciperet
1105 1950 1282 2017 mndicari.
1332 1951 1385 2017 At
1407 1953 1477 2030 illa,

388 2050 544 2115 muliebri
573 2051 783 2135 procacitate
811 2051 914 2115 simul
949 2060 985 2115 et
1016 2052 1145 2134 impetu
1177 2053 1301 2116 mentis
1333 2052 1476 2134 agitata,

387 2151 582 2234 praepositis
609 2151 759 2216 civium
786 2159 823 2217 et
853 2149 1056 2233 quibusdam
1089 2151 1250 2234 ruptariis
1277 2151 1351 2214 suis
1385 2152 1476 2216 dedit

388 2249 481 2314 illico
511 2249 547 2313 in
573 2250 757 2325 mandatis,
785 2258 825 2314 ut
851 2250 915 2314 sub
942 2250 1034 2314 omni
1061 2249 1236 2315 celeritate
1266 2251 1403 2325 armati,
1434 2253 1475 2315 ab

388 2348 471 2413 urbe
493 2356 671 2427 exeuntes,
696 2349 800 2433 hujus
824 2348 998 2414 violentiae
1027 2359 1198 2427 auctores,
1221 2348 1307 2414 nulli
1335 2368 1475 2433 paroen-

386 2455 451 2525 tes,
476 2448 645 2530 punirent.
697 2447 755 2512 llli
779 2455 907 2527 autem,
934 2449 993 2531 qni
1018 2449 1119 2532 proni
1145 2459 1244 2514 erant
1271 2448 1316 2512 ad
1342 2468 1473 2513 omnem

386 2547 620 2613 crudelitatem
653 2547 920 2632 exsequendam,
946 2556 1066 2629 portas
1091 2549 1242 2613 civitatis
1269 2567 1348 2612 cum
1372 2551 1474 2612 armis

387 2647 517 2729 egressi
542 2646 746 2712 invenerunt
774 2655 877 2712 extra
905 2648 999 2711 urbis
1029 2648 1157 2711 moenia
1183 2647 1325 2712 clericos
1350 2648 1474 2712 multos

387 2744 477 2811 indis
493 2745 722 2821 intendentes,
743 2747 803 2830 qui
824 2747 861 2810 in
876 2745 1041 2811 uiolentia
1064 2746 1210 2830 praesata
1230 2747 1361 2810 nnllam
1378 2750 1471 2831 peni·

387 2853 444 2911 tus
459 2846 594 2929 culpam
608 2845 813 2911 habuerunt.
851 2845 920 2924 Qui
936 2847 1026 2910 enim
1043 2847 1261 2910 seminarium
1275 2847 1472 2911 tumultuosi

386 2945 581 3011 certaminis
596 2952 777 3010 moverunt
795 2951 895 3009 erant
910 2944 954 3008 de
969 2945 1124 3028 partibus
1138 2945 1357 3011 conterminis
1376 2946 1472 3010 Flan-

383 3045 480 3122 driae,
507 3064 594 3128 quos
618 3044 806 3126 vulgariter
834 3044 1000 3109 Picardos
1025 3045 1251 3110 nominamus.
1302 3044 1384 3123 Sed,
1406 3044 1468 3109 boc

384 3163 455 3209 non
483 3146 653 3222 obstante,
679 3143 819 3208 lictores
845 3144 881 3208 in
909 3163 968 3208 eos
999 3143 1177 3221 irruentes,
1204 3164 1292 3228 quos
1322 3145 1468 3209 inermes

385 3244 543 3309 viderant
567 3251 604 3309 et
627 3245 838 3320 innocentes,
865 3242 952 3307 alios
977 3243 1186 3320 occiderunt,
1208 3244 1296 3308 alios
1313 3244 1471 3309 vulnera·

384 3350 520 3420 verunt,
539 3352 644 3427 atque
658 3342 745 3408 alios
760 3342 873 3425 plagis
897 3342 1067 3425 impositis
1089 3343 1277 3426 spoliantes
1293 3342 1470 3407 immiseri-

384 3442 531 3508 corditer
554 3449 810 3521 tractaverunt3
845 3442 983 3525 quidam
1013 3461 1095 3507 vero
1121 3462 1166 3506 ex
1192 3443 1243 3507 eis
1270 3443 1470 3525 perfugam

382 3541 567 3606 evadentes
583 3542 620 3606 in
637 3541 746 3606 vineis
763 3548 799 3606 et
820 3542 976 3606 cavernis
989 3541 1182 3606 latitabant
1234 3540 1375 3607 Inventi
1389 3551 1470 3606 sunt

381 3647 496 3706 autem
523 3641 613 3705 inter
640 3640 837 3705 vulneratos
866 3640 935 3705 dno
968 3641 1080 3705 clerici
1113 3641 1236 3705 divites
1269 3649 1305 3705 et
1333 3660 1466 3722 magnae

382 3740 597 3805 auctoritatis
626 3739 807 3817 interfecti,
826 3759 972 3823 quorum
998 3759 1087 3804 unus
1111 3750 1187 3805 erat
1211 3759 1335 3822 genere
1365 3740 1467 3805 Flan-

382 3839 525 3917 drensis,
555 3846 592 3904 et
623 3840 712 3904 alius
741 3840 880 3904 natione
916 3838 1146 3904 Normannus.
1203 3838 1323 3922 Hujus
1351 3849 1464 3905 autem

381 3938 662 4022 transgressionis
692 3940 877 4004 enormitas
908 3957 985 4003 cum
1017 3939 1062 4002 ad
1093 3958 1192 4004 aures
1226 3940 1465 4020 magistrorum

382 4039 615 4105 universitatis
646 4038 871 4121 pervenisset,
902 4048 1133 4103 convenerunt
1166 4057 1283 4103 omnes
1313 4039 1349 4102 in
1383 4058 1466 4122 prae·

382 4140 493 4204 sentia
517 4139 645 4221 reginae
668 4144 704 4202 et
731 4138 850 4220 legati,
879 4139 1054 4221 suspensis
1080 4139 1174 4220 prins
1205 4136 1409 4202 lectionibus
1436 4146 1468 4201 et

382 4239 670 4322 disputationibus
702 4237 951 4314 universaliter,
980 4238 1150 4302 instanter
1184 4237 1399 4319 postulantes
1427 4238 1466 4300 de

382 4338 445 4402 tali
467 4338 593 4421 injuria
613 4336 679 4401 sibi
698 4336 869 4420 justitiam
891 4337 1065 4416 exhiberi3
1089 4336 1266 4419 indignum
1288 4338 1379 4401 enim
1403 4337 1463 4400 sibi
1507 4386 1509 4390 .

379 4437 570 4514 videbatur,
589 4436 691 4521 quod,
715 4444 786 4500 tam
809 4435 877 4500 levi
906 4445 1008 4501 nacta
1031 4437 1223 4513 occasione,
1248 4435 1459 4518 quorundam

378 4536 683 4621 contemptibilium
711 4535 947 4601 clericulorum
979 4536 1207 4619 transgressio
1236 4536 1272 4599 in
1303 4535 1460 4620 praejudi-
