<?xml version="1.0" encoding="UTF-8"?>
<!DOCTYPE html PUBLIC "-//W3C//DTD XHTML 1.0 Transitional//EN"
    "http://www.w3.org/TR/xhtml1/DTD/xhtml1-transitional.dtd">
<html xmlns="http://www.w3.org/1999/xhtml" xml:lang="en" lang="en">
 <head>
  <title>
</title>
<meta http-equiv="Content-Type" content="text/html;charset=utf-8" />
  <meta name='ocr-system' content='tesseract 3.04.00' />
  <meta name='ocr-capabilities' content='ocr_page ocr_carea ocr_par ocr_line ocrx_word'/>
</head>
<body>
  <div class='ocr_page' id='page_1' title='image "appendixadroger01parigoog_0321.png"; bbox 0 0 3334 5734; ppageno 0'>
   <div class='ocr_carea' id='block_1_1' title="bbox 589 775 1309 842">
    <p class='ocr_par' dir='ltr' id='par_1_1' title="bbox 589 775 1309 842">
     <span class='ocr_line' id='line_1_1' title="bbox 589 775 1309 842; baseline 0.008 -6"><span class='ocrx_word' id='word_1_1' title='bbox 589 788 788 838; x_wconf 74' lang='lat' dir='ltr'><strong>urorrorvns</strong></span> <span class='ocrx_word' id='word_1_2' title='bbox 811 790 941 840; x_wconf 73' lang='lat' dir='ltr'><strong>varra.</strong></span> <span class='ocrx_word' id='word_1_3' title='bbox 1243 775 1309 842; x_wconf 78' lang='lat' dir='ltr'><strong>eol</strong></span> 
     </span>
    </p>
   </div>
   <div class='ocr_carea' id='block_1_2' title="bbox 217 970 1314 2653">
    <p class='ocr_par' dir='ltr' id='par_1_2' title="bbox 217 970 1314 2653">
     <span class='ocr_line' id='line_1_2' title="bbox 217 970 1308 1058; baseline 0.004 -21"><span class='ocrx_word' id='word_1_4' title='bbox 217 972 420 1038; x_wconf 89' lang='lat' dir='ltr'><strong>necessariis</strong></span> <span class='ocrx_word' id='word_1_5' title='bbox 446 970 602 1037; x_wconf 90' lang='lat' dir='ltr'><strong>deductis</strong></span> <span class='ocrx_word' id='word_1_6' title='bbox 626 980 844 1056; x_wconf 87' lang='lat' dir='ltr'><strong>computare3</strong></span> <span class='ocrx_word' id='word_1_7' title='bbox 877 992 955 1038; x_wconf 92' lang='lat' dir='ltr'><strong>cum</strong></span> <span class='ocrx_word' id='word_1_8' title='bbox 981 973 1084 1058; x_wconf 87' lang='lat' dir='ltr'><strong>hujus</strong></span> <span class='ocrx_word' id='word_1_9' title='bbox 1109 974 1308 1041; x_wconf 87' lang='lat' dir='ltr'><strong>heneficium</strong></span> 
     </span>
     <span class='ocr_line' id='line_1_3' title="bbox 217 1071 1308 1159; baseline 0.004 -22"><span class='ocrx_word' id='word_1_10' title='bbox 217 1092 286 1138; x_wconf 90' lang='lat' dir='ltr'><strong>non</strong></span> <span class='ocrx_word' id='word_1_11' title='bbox 309 1072 455 1137; x_wconf 88' lang='lat' dir='ltr'><strong>multum</strong></span> <span class='ocrx_word' id='word_1_12' title='bbox 477 1071 635 1137; x_wconf 88' lang='lat' dir='ltr'><strong>videatur</strong></span> <span class='ocrx_word' id='word_1_13' title='bbox 653 1072 779 1138; x_wconf 89' lang='lat' dir='ltr'><strong>hahere</strong></span> <span class='ocrx_word' id='word_1_14' title='bbox 799 1072 978 1157; x_wconf 90' lang='lat' dir='ltr'><strong>dispendii,</strong></span> <span class='ocrx_word' id='word_1_15' title='bbox 1000 1074 1082 1159; x_wconf 87' lang='lat' dir='ltr'><strong>quia</strong></span> <span class='ocrx_word' id='word_1_16' title='bbox 1103 1075 1308 1140; x_wconf 89' lang='lat' dir='ltr'><strong>solutionem</strong></span> 
     </span>
     <span class='ocr_line' id='line_1_4' title="bbox 217 1171 1308 1256; baseline 0.002 -19"><span class='ocrx_word' id='word_1_17' title='bbox 217 1173 268 1237; x_wconf 93' lang='lat' dir='ltr'><strong>sic</strong></span> <span class='ocrx_word' id='word_1_18' title='bbox 301 1178 480 1256; x_wconf 74' lang='lat' dir='ltr'><strong>prorogat,</strong></span> <span class='ocrx_word' id='word_1_19' title='bbox 507 1171 599 1255; x_wconf 92' lang='lat' dir='ltr'><strong>quod</strong></span> <span class='ocrx_word' id='word_1_20' title='bbox 629 1172 743 1238; x_wconf 85' lang='lat' dir='ltr'><strong>debita</strong></span> <span class='ocrx_word' id='word_1_21' title='bbox 778 1192 848 1237; x_wconf 91' lang='lat' dir='ltr'><strong>non</strong></span> <span class='ocrx_word' id='word_1_22' title='bbox 885 1174 1054 1238; x_wconf 89' lang='lat' dir='ltr'><strong>absorbet.</strong></span> <span class='ocrx_word' id='word_1_23' title='bbox 1114 1174 1165 1240; x_wconf 90' lang='lat' dir='ltr'><strong>Ut</strong></span> <span class='ocrx_word' id='word_1_24' title='bbox 1193 1182 1308 1240; x_wconf 87' lang='lat' dir='ltr'><strong>autem</strong></span> 
     </span>
     <span class='ocr_line' id='line_1_5' title="bbox 218 1271 1309 1357; baseline 0.001 -20"><span class='ocrx_word' id='word_1_25' title='bbox 218 1272 338 1337; x_wconf 73' lang='lat' dir='ltr'><strong>Terrae</strong></span> <span class='ocrx_word' id='word_1_26' title='bbox 368 1279 498 1337; x_wconf 74' lang='lat' dir='ltr'><strong>sanctae</strong></span> <span class='ocrx_word' id='word_1_27' title='bbox 526 1271 715 1336; x_wconf 78' lang='lat' dir='ltr'><strong>subsidium</strong></span> <span class='ocrx_word' id='word_1_28' title='bbox 744 1271 891 1337; x_wconf 88' lang='lat' dir='ltr'><strong>divisum</strong></span> <span class='ocrx_word' id='word_1_29' title='bbox 918 1273 955 1336; x_wconf 91' lang='lat' dir='ltr'><strong>in</strong></span> <span class='ocrx_word' id='word_1_30' title='bbox 981 1272 1146 1357; x_wconf 90' lang='lat' dir='ltr'><strong>plurimos</strong></span> <span class='ocrx_word' id='word_1_31' title='bbox 1174 1273 1309 1338; x_wconf 76' lang='lat' dir='ltr'><strong>facilius</strong></span> 
     </span>
     <span class='ocr_line' id='line_1_6' title="bbox 217 1370 1310 1457; baseline 0 -19"><span class='ocrx_word' id='word_1_32' title='bbox 217 1370 449 1456; x_wconf 73' lang='lat' dir='ltr'><strong>impendatur,</strong></span> <span class='ocrx_word' id='word_1_33' title='bbox 468 1371 685 1436; x_wconf 87' lang='lat' dir='ltr'><strong>obsecramus</strong></span> <span class='ocrx_word' id='word_1_34' title='bbox 713 1390 830 1437; x_wconf 91' lang='lat' dir='ltr'><strong>omnes</strong></span> <span class='ocrx_word' id='word_1_35' title='bbox 855 1378 891 1437; x_wconf 88' lang='lat' dir='ltr'><strong>et</strong></span> <span class='ocrx_word' id='word_1_36' title='bbox 909 1372 1063 1456; x_wconf 77' lang='lat' dir='ltr'><strong>singulos</strong></span> <span class='ocrx_word' id='word_1_37' title='bbox 1087 1393 1148 1457; x_wconf 91' lang='lat' dir='ltr'><strong>per</strong></span> <span class='ocrx_word' id='word_1_38' title='bbox 1169 1372 1310 1439; x_wconf 87' lang='lat' dir='ltr'><strong>Patrem</strong></span> 
     </span>
     <span class='ocr_line' id='line_1_7' title="bbox 220 1470 1311 1555; baseline 0 -18"><span class='ocrx_word' id='word_1_39' title='bbox 220 1479 256 1537; x_wconf 92' lang='lat' dir='ltr'><strong>et</strong></span> <span class='ocrx_word' id='word_1_40' title='bbox 286 1470 412 1536; x_wconf 89' lang='lat' dir='ltr'><strong>Filium</strong></span> <span class='ocrx_word' id='word_1_41' title='bbox 446 1476 482 1536; x_wconf 89' lang='lat' dir='ltr'><strong>et</strong></span> <span class='ocrx_word' id='word_1_42' title='bbox 511 1470 678 1555; x_wconf 90' lang='lat' dir='ltr'><strong>Spiritum</strong></span> <span class='ocrx_word' id='word_1_43' title='bbox 707 1470 884 1549; x_wconf 87' lang='lat' dir='ltr'><strong>Sanctum,</strong></span> <span class='ocrx_word' id='word_1_44' title='bbox 911 1491 1017 1536; x_wconf 92' lang='lat' dir='ltr'><strong>unum</strong></span> <span class='ocrx_word' id='word_1_45' title='bbox 1048 1472 1159 1537; x_wconf 90' lang='lat' dir='ltr'><strong>solum</strong></span> <span class='ocrx_word' id='word_1_46' title='bbox 1191 1492 1311 1538; x_wconf 89' lang='lat' dir='ltr'><strong>verum</strong></span> 
     </span>
     <span class='ocr_line' id='line_1_8' title="bbox 221 1570 1313 1656; baseline 0.001 -19"><span class='ocrx_word' id='word_1_47' title='bbox 221 1579 390 1637; x_wconf 81' lang='lat' dir='ltr'><strong>aternum</strong></span> <span class='ocrx_word' id='word_1_48' title='bbox 422 1571 545 1647; x_wconf 87' lang='lat' dir='ltr'><strong>Deum,</strong></span> <span class='ocrx_word' id='word_1_49' title='bbox 569 1570 783 1655; x_wconf 72' lang='lat' dir='ltr'><strong>postulantes</strong></span> <span class='ocrx_word' id='word_1_50' title='bbox 806 1571 882 1636; x_wconf 91' lang='lat' dir='ltr'><strong>vice</strong></span> <span class='ocrx_word' id='word_1_51' title='bbox 912 1570 1050 1649; x_wconf 81' lang='lat' dir='ltr'><strong>Christi,</strong></span> <span class='ocrx_word' id='word_1_52' title='bbox 1076 1591 1139 1656; x_wconf 93' lang='lat' dir='ltr'><strong>pro</strong></span> <span class='ocrx_word' id='word_1_53' title='bbox 1162 1572 1313 1651; x_wconf 82' lang='lat' dir='ltr'><strong>Christo,</strong></span> 
     </span>
     <span class='ocr_line' id='line_1_9' title="bbox 222 1670 1314 1756; baseline 0 -19"><span class='ocrx_word' id='word_1_54' title='bbox 222 1672 267 1737; x_wconf 85' lang='lat' dir='ltr'><strong>ab</strong></span> <span class='ocrx_word' id='word_1_55' title='bbox 285 1670 552 1754; x_wconf 82' lang='lat' dir='ltr'><strong>archiepiscopis</strong></span> <span class='ocrx_word' id='word_1_56' title='bbox 571 1677 606 1735; x_wconf 91' lang='lat' dir='ltr'><strong>et</strong></span> <span class='ocrx_word' id='word_1_57' title='bbox 620 1671 801 1754; x_wconf 87' lang='lat' dir='ltr'><strong>episeopis,</strong></span> <span class='ocrx_word' id='word_1_58' title='bbox 822 1671 1003 1735; x_wconf 88' lang='lat' dir='ltr'><strong>abhatibus</strong></span> <span class='ocrx_word' id='word_1_59' title='bbox 1028 1677 1063 1736; x_wconf 87' lang='lat' dir='ltr'><strong>et</strong></span> <span class='ocrx_word' id='word_1_60' title='bbox 1078 1672 1259 1756; x_wconf 89' lang='lat' dir='ltr'><strong>prioribus,</strong></span> <span class='ocrx_word' id='word_1_61' title='bbox 1277 1679 1314 1737; x_wconf 89' lang='lat' dir='ltr'><strong>et</strong></span> 
     </span>
     <span class='ocr_line' id='line_1_10' title="bbox 222 1769 1313 1853; baseline -0.001 -16"><span class='ocrx_word' id='word_1_62' title='bbox 222 1778 295 1837; x_wconf 89' lang='lat' dir='ltr'><strong>tam</strong></span> <span class='ocrx_word' id='word_1_63' title='bbox 316 1769 563 1836; x_wconf 76' lang='lat' dir='ltr'><strong>cathedralium</strong></span> <span class='ocrx_word' id='word_1_64' title='bbox 588 1788 692 1853; x_wconf 86' lang='lat' dir='ltr'><strong>quam</strong></span> <span class='ocrx_word' id='word_1_65' title='bbox 718 1770 863 1834; x_wconf 91' lang='lat' dir='ltr'><strong>aliarum</strong></span> <span class='ocrx_word' id='word_1_66' title='bbox 883 1771 1158 1837; x_wconf 75' lang='lat' dir='ltr'><strong>conventualium</strong></span> <span class='ocrx_word' id='word_1_67' title='bbox 1177 1771 1313 1837; x_wconf 90' lang='lat' dir='ltr'><strong>ecclesi·</strong></span> 
     </span>
     <span class='ocr_line' id='line_1_11' title="bbox 224 1869 1312 1953; baseline -0.001 -18"><span class='ocrx_word' id='word_1_68' title='bbox 224 1890 321 1935; x_wconf 89' lang='lat' dir='ltr'><strong>arum</strong></span> <span class='ocrx_word' id='word_1_69' title='bbox 345 1869 518 1953; x_wconf 90' lang='lat' dir='ltr'><strong>capitulis,</strong></span> <span class='ocrx_word' id='word_1_70' title='bbox 538 1875 574 1934; x_wconf 93' lang='lat' dir='ltr'><strong>et</strong></span> <span class='ocrx_word' id='word_1_71' title='bbox 594 1869 725 1934; x_wconf 90' lang='lat' dir='ltr'><strong>clericis</strong></span> <span class='ocrx_word' id='word_1_72' title='bbox 748 1869 925 1949; x_wconf 87' lang='lat' dir='ltr'><strong>universis,</strong></span> <span class='ocrx_word' id='word_1_73' title='bbox 949 1888 1082 1936; x_wconf 81' lang='lat' dir='ltr'><strong>necnon</strong></span> <span class='ocrx_word' id='word_1_74' title='bbox 1103 1871 1312 1950; x_wconf 88' lang='lat' dir='ltr'><strong>civitatibus,</strong></span> 
     </span>
     <span class='ocr_line' id='line_1_12' title="bbox 223 1967 1313 2053; baseline -0.002 -16"><span class='ocrx_word' id='word_1_75' title='bbox 223 1970 328 2048; x_wconf 91' lang='lat' dir='ltr'><strong>villis,</strong></span> <span class='ocrx_word' id='word_1_76' title='bbox 362 1976 399 2034; x_wconf 91' lang='lat' dir='ltr'><strong>et</strong></span> <span class='ocrx_word' id='word_1_77' title='bbox 429 1967 575 2053; x_wconf 89' lang='lat' dir='ltr'><strong>oppidis,</strong></span> <span class='ocrx_word' id='word_1_78' title='bbox 606 1976 855 2052; x_wconf 80' lang='lat' dir='ltr'><strong>competentem</strong></span> <span class='ocrx_word' id='word_1_79' title='bbox 889 1988 1067 2035; x_wconf 92' lang='lat' dir='ltr'><strong>nnmerum</strong></span> <span class='ocrx_word' id='word_1_80' title='bbox 1095 1970 1313 2049; x_wconf 90' lang='lat' dir='ltr'><strong>bellatorum,</strong></span> 
     </span>
     <span class='ocr_line' id='line_1_13' title="bbox 222 2068 1312 2154; baseline 0 -19"><span class='ocrx_word' id='word_1_81' title='bbox 222 2089 301 2135; x_wconf 91' lang='lat' dir='ltr'><strong>cum</strong></span> <span class='ocrx_word' id='word_1_82' title='bbox 320 2069 482 2154; x_wconf 84' lang='lat' dir='ltr'><strong>expensis</strong></span> <span class='ocrx_word' id='word_1_83' title='bbox 501 2069 703 2133; x_wconf 87' lang='lat' dir='ltr'><strong>necessariis</strong></span> <span class='ocrx_word' id='word_1_84' title='bbox 725 2068 912 2134; x_wconf 91' lang='lat' dir='ltr'><strong>secundum</strong></span> <span class='ocrx_word' id='word_1_85' title='bbox 936 2069 1093 2154; x_wconf 88' lang='lat' dir='ltr'><strong>proprias</strong></span> <span class='ocrx_word' id='word_1_86' title='bbox 1118 2070 1312 2149; x_wconf 85' lang='lat' dir='ltr'><strong>facultates,</strong></span> 
     </span>
     <span class='ocr_line' id='line_1_14' title="bbox 222 2167 1314 2250; baseline 0.001 -15"><span class='ocrx_word' id='word_1_87' title='bbox 222 2171 260 2235; x_wconf 92' lang='lat' dir='ltr'><strong>in</strong></span> <span class='ocrx_word' id='word_1_88' title='bbox 285 2187 485 2236; x_wconf 84' lang='lat' dir='ltr'><strong>succursum</strong></span> <span class='ocrx_word' id='word_1_89' title='bbox 509 2167 627 2233; x_wconf 75' lang='lat' dir='ltr'><strong>Terrae</strong></span> <span class='ocrx_word' id='word_1_90' title='bbox 651 2175 781 2234; x_wconf 72' lang='lat' dir='ltr'><strong>sanctae</strong></span> <span class='ocrx_word' id='word_1_91' title='bbox 808 2168 968 2234; x_wconf 76' lang='lat' dir='ltr'><strong>alacriter</strong></span> <span class='ocrx_word' id='word_1_92' title='bbox 992 2169 1181 2250; x_wconf 89' lang='lat' dir='ltr'><strong>destinare;</strong></span> <span class='ocrx_word' id='word_1_93' title='bbox 1207 2177 1255 2247; x_wconf 93' lang='lat' dir='ltr'><strong>et,</strong></span> <span class='ocrx_word' id='word_1_94' title='bbox 1282 2170 1314 2236; x_wconf 87' lang='lat' dir='ltr'><strong>si</strong></span> 
     </span>
     <span class='ocr_line' id='line_1_15' title="bbox 224 2266 1314 2354; baseline -0.002 -19"><span class='ocrx_word' id='word_1_95' title='bbox 224 2268 269 2335; x_wconf 90' lang='lat' dir='ltr'><strong>ad</strong></span> <span class='ocrx_word' id='word_1_96' title='bbox 288 2268 355 2335; x_wconf 95' lang='lat' dir='ltr'><strong>hoc</strong></span> <span class='ocrx_word' id='word_1_97' title='bbox 370 2266 653 2350; x_wconf 90' lang='lat' dir='ltr'><strong>unumquodlibet</strong></span> <span class='ocrx_word' id='word_1_98' title='bbox 667 2287 737 2333; x_wconf 93' lang='lat' dir='ltr'><strong>non</strong></span> <span class='ocrx_word' id='word_1_99' title='bbox 758 2266 917 2345; x_wconf 87' lang='lat' dir='ltr'><strong>sufficiat,</strong></span> <span class='ocrx_word' id='word_1_100' title='bbox 939 2268 1039 2353; x_wconf 89' lang='lat' dir='ltr'><strong>plura</strong></span> <span class='ocrx_word' id='word_1_101' title='bbox 1058 2268 1314 2354; x_wconf 78' lang='lat' dir='ltr'><strong>conjungantur</strong></span> 
     </span>
     <span class='ocr_line' id='line_1_16' title="bbox 224 2367 1313 2453; baseline -0.001 -18"><span class='ocrx_word' id='word_1_102' title='bbox 224 2369 262 2435; x_wconf 91' lang='lat' dir='ltr'><strong>in</strong></span> <span class='ocrx_word' id='word_1_103' title='bbox 282 2387 401 2446; x_wconf 88' lang='lat' dir='ltr'><strong>uuum,</strong></span> <span class='ocrx_word' id='word_1_104' title='bbox 421 2367 504 2452; x_wconf 88' lang='lat' dir='ltr'><strong>quia</strong></span> <span class='ocrx_word' id='word_1_105' title='bbox 527 2385 590 2451; x_wconf 91' lang='lat' dir='ltr'><strong>pro</strong></span> <span class='ocrx_word' id='word_1_106' title='bbox 618 2374 712 2432; x_wconf 91' lang='lat' dir='ltr'><strong>certo</strong></span> <span class='ocrx_word' id='word_1_107' title='bbox 740 2386 918 2451; x_wconf 87' lang='lat' dir='ltr'><strong>speramus</strong></span> <span class='ocrx_word' id='word_1_108' title='bbox 944 2367 1036 2453; x_wconf 92' lang='lat' dir='ltr'><strong>quod</strong></span> <span class='ocrx_word' id='word_1_109' title='bbox 1061 2387 1217 2452; x_wconf 75' lang='lat' dir='ltr'><strong>personae</strong></span> <span class='ocrx_word' id='word_1_110' title='bbox 1244 2388 1313 2434; x_wconf 91' lang='lat' dir='ltr'><strong>non</strong></span> 
     </span>
     <span class='ocr_line' id='line_1_17' title="bbox 225 2466 1313 2550; baseline 0.001 -17"><span class='ocrx_word' id='word_1_111' title='bbox 225 2468 372 2534; x_wconf 88' lang='lat' dir='ltr'><strong>deerunt</strong></span> <span class='ocrx_word' id='word_1_112' title='bbox 402 2467 433 2532; x_wconf 89' lang='lat' dir='ltr'><strong>si</strong></span> <span class='ocrx_word' id='word_1_113' title='bbox 466 2485 627 2550; x_wconf 74' lang='lat' dir='ltr'><strong>expensae</strong></span> <span class='ocrx_word' id='word_1_114' title='bbox 657 2484 726 2532; x_wconf 91' lang='lat' dir='ltr'><strong>non</strong></span> <span class='ocrx_word' id='word_1_115' title='bbox 753 2466 934 2532; x_wconf 87' lang='lat' dir='ltr'><strong>defuerint.</strong></span> <span class='ocrx_word' id='word_1_116' title='bbox 998 2467 1220 2534; x_wconf 89' lang='lat' dir='ltr'><strong>Postulantes</strong></span> <span class='ocrx_word' id='word_1_117' title='bbox 1248 2468 1313 2534; x_wconf 90' lang='lat' dir='ltr'><strong>hoc</strong></span> 
     </span>
     <span class='ocr_line' id='line_1_18' title="bbox 223 2566 1313 2653; baseline 0 -19"><span class='ocrx_word' id='word_1_118' title='bbox 223 2568 338 2653; x_wconf 87' lang='lat' dir='ltr'><strong>ipsum</strong></span> <span class='ocrx_word' id='word_1_119' title='bbox 359 2586 383 2631; x_wconf 88' lang='lat' dir='ltr'><strong>a</strong></span> <span class='ocrx_word' id='word_1_120' title='bbox 407 2567 545 2649; x_wconf 79' lang='lat' dir='ltr'><strong>regibus</strong></span> <span class='ocrx_word' id='word_1_121' title='bbox 566 2572 602 2631; x_wconf 92' lang='lat' dir='ltr'><strong>et</strong></span> <span class='ocrx_word' id='word_1_122' title='bbox 621 2566 842 2651; x_wconf 86' lang='lat' dir='ltr'><strong>principibus,</strong></span> <span class='ocrx_word' id='word_1_123' title='bbox 868 2568 1049 2633; x_wconf 89' lang='lat' dir='ltr'><strong>comitibus</strong></span> <span class='ocrx_word' id='word_1_124' title='bbox 1066 2575 1102 2633; x_wconf 96' lang='lat' dir='ltr'><strong>et</strong></span> <span class='ocrx_word' id='word_1_125' title='bbox 1116 2568 1313 2647; x_wconf 84' lang='lat' dir='ltr'><strong>baronibus,</strong></span> 
     </span>
    </p>
   </div>
   <div class='ocr_carea' id='block_1_3' title="bbox 111 2665 1318 2755">
    <p class='ocr_par' dir='ltr' id='par_1_3' title="bbox 111 2665 1318 2755">
     <span class='ocr_line' id='line_1_19' title="bbox 111 2665 1318 2755; baseline -0.001 -21"><span class='ocrx_word' id='word_1_126' title='bbox 111 2749 115 2755; x_wconf 16' lang='lat'><strong><em>⁴</em></strong></span> <span class='ocrx_word' id='word_1_127' title='bbox 224 2668 371 2752; x_wconf 83' lang='lat' dir='ltr'><strong>aliisque</strong></span> <span class='ocrx_word' id='word_1_128' title='bbox 384 2665 615 2750; x_wconf 75' lang='lat' dir='ltr'><strong>magnatibus,</strong></span> <span class='ocrx_word' id='word_1_129' title='bbox 630 2665 689 2750; x_wconf 92' lang='lat' dir='ltr'><strong>qui</strong></span> <span class='ocrx_word' id='word_1_130' title='bbox 704 2666 849 2731; x_wconf 85' lang='lat' dir='ltr'><strong>forsitan</strong></span> <span class='ocrx_word' id='word_1_131' title='bbox 865 2685 927 2749; x_wconf 91' lang='lat' dir='ltr'><strong>per</strong></span> <span class='ocrx_word' id='word_1_132' title='bbox 947 2668 1079 2749; x_wconf 87' lang='lat' dir='ltr'><strong>seipsos</strong></span> <span class='ocrx_word' id='word_1_133' title='bbox 1091 2668 1318 2750; x_wconf 88' lang='lat' dir='ltr'><strong>personaliter</strong></span> 
     </span>
    </p>
   </div>
   <div class='ocr_carea' id='block_1_4' title="bbox 225 2764 1406 4647">
    <p class='ocr_par' dir='ltr' id='par_1_4' title="bbox 225 2764 1406 4647">
     <span class='ocr_line' id='line_1_20' title="bbox 225 2764 1315 2847; baseline -0.001 -14"><span class='ocrx_word' id='word_1_134' title='bbox 225 2787 296 2833; x_wconf 91' lang='lat' dir='ltr'><strong>non</strong></span> <span class='ocrx_word' id='word_1_135' title='bbox 305 2767 512 2842; x_wconf 85' lang='lat' dir='ltr'><strong>accesserint</strong></span> <span class='ocrx_word' id='word_1_136' title='bbox 524 2764 569 2830; x_wconf 88' lang='lat' dir='ltr'><strong>ad</strong></span> <span class='ocrx_word' id='word_1_137' title='bbox 579 2766 779 2847; x_wconf 89' lang='lat' dir='ltr'><strong>obsequium</strong></span> <span class='ocrx_word' id='word_1_138' title='bbox 790 2764 973 2844; x_wconf 80' lang='lat' dir='ltr'><strong>Cruoitixi3</strong></span> <span class='ocrx_word' id='word_1_139' title='bbox 990 2784 1013 2829; x_wconf 89' lang='lat' dir='ltr'><strong>a</strong></span> <span class='ocrx_word' id='word_1_140' title='bbox 1024 2766 1220 2832; x_wconf 89' lang='lat' dir='ltr'><strong>civitatibus</strong></span> <span class='ocrx_word' id='word_1_141' title='bbox 1233 2785 1315 2832; x_wconf 89' lang='lat' dir='ltr'><strong>vero</strong></span> 
     </span>
     <span class='ocr_line' id='line_1_21' title="bbox 226 2863 1315 2949; baseline -0.001 -17"><span class='ocrx_word' id='word_1_142' title='bbox 226 2866 505 2932; x_wconf 81' lang='lat' dir='ltr'><strong>marinianavale</strong></span> <span class='ocrx_word' id='word_1_143' title='bbox 521 2864 707 2930; x_wconf 89' lang='lat' dir='ltr'><strong>subsidium</strong></span> <span class='ocrx_word' id='word_1_144' title='bbox 729 2863 957 2949; x_wconf 87' lang='lat' dir='ltr'><strong>postulamus.</strong></span> <span class='ocrx_word' id='word_1_145' title='bbox 1008 2864 1150 2930; x_wconf 84' lang='lat' dir='ltr'><strong>Clericis</strong></span> <span class='ocrx_word' id='word_1_146' title='bbox 1172 2885 1253 2931; x_wconf 87' lang='lat' dir='ltr'><strong>vero</strong></span> <span class='ocrx_word' id='word_1_147' title='bbox 1270 2866 1315 2931; x_wconf 90' lang='lat' dir='ltr'><strong>ad</strong></span> 
     </span>
     <span class='ocr_line' id='line_1_22' title="bbox 227 2956 1406 3049; baseline 0 -18"><span class='ocrx_word' id='word_1_148' title='bbox 227 2967 294 3033; x_wconf 91' lang='lat' dir='ltr'><strong>hoc</strong></span> <span class='ocrx_word' id='word_1_149' title='bbox 320 2966 496 3049; x_wconf 79' lang='lat' dir='ltr'><strong>negotium</strong></span> <span class='ocrx_word' id='word_1_150' title='bbox 523 2964 723 3030; x_wconf 89' lang='lat' dir='ltr'><strong>necessariis</strong></span> <span class='ocrx_word' id='word_1_151' title='bbox 749 2963 960 3048; x_wconf 86' lang='lat' dir='ltr'><strong>providimus</strong></span> <span class='ocrx_word' id='word_1_152' title='bbox 984 2963 1237 3046; x_wconf 81' lang='lat' dir='ltr'><strong>indulgendum,</strong></span> <span class='ocrx_word' id='word_1_153' title='bbox 1263 2973 1315 3045; x_wconf 89' lang='lat' dir='ltr'><strong>nt,</strong></span> <span class='ocrx_word' id='word_1_154' title='bbox 1396 2956 1406 2966; x_wconf 43' lang='lat'>⁸</span> 
     </span>
     <span class='ocr_line' id='line_1_23' title="bbox 228 3064 1318 3149; baseline -0.002 -16"><span class='ocrx_word' id='word_1_155' title='bbox 228 3067 322 3133; x_wconf 94' lang='lat' dir='ltr'><strong>omni</strong></span> <span class='ocrx_word' id='word_1_156' title='bbox 345 3064 614 3132; x_wconf 85' lang='lat' dir='ltr'><strong>contradictione</strong></span> <span class='ocrx_word' id='word_1_157' title='bbox 635 3072 802 3142; x_wconf 88' lang='lat' dir='ltr'><strong>cessante,</strong></span> <span class='ocrx_word' id='word_1_158' title='bbox 822 3064 1060 3129; x_wconf 86' lang='lat' dir='ltr'><strong>beneficiorum</strong></span> <span class='ocrx_word' id='word_1_159' title='bbox 1081 3083 1219 3130; x_wconf 91' lang='lat' dir='ltr'><strong>suornm</strong></span> <span class='ocrx_word' id='word_1_160' title='bbox 1242 3085 1318 3149; x_wconf 88' lang='lat' dir='ltr'><strong>pro-</strong></span> 
     </span>
     <span class='ocr_line' id='line_1_24' title="bbox 228 3163 1318 3249; baseline -0.002 -16"><span class='ocrx_word' id='word_1_161' title='bbox 228 3174 354 3233; x_wconf 87' lang='lat' dir='ltr'><strong>ventus</strong></span> <span class='ocrx_word' id='word_1_162' title='bbox 370 3172 512 3249; x_wconf 89' lang='lat' dir='ltr'><strong>propter</strong></span> <span class='ocrx_word' id='word_1_163' title='bbox 520 3164 586 3230; x_wconf 94' lang='lat' dir='ltr'><strong>hoc</strong></span> <span class='ocrx_word' id='word_1_164' title='bbox 597 3165 734 3230; x_wconf 87' lang='lat' dir='ltr'><strong>valeant</strong></span> <span class='ocrx_word' id='word_1_165' title='bbox 747 3163 790 3228; x_wconf 90' lang='lat' dir='ltr'><strong>ad</strong></span> <span class='ocrx_word' id='word_1_166' title='bbox 803 3164 985 3229; x_wconf 86' lang='lat' dir='ltr'><strong>triennium</strong></span> <span class='ocrx_word' id='word_1_167' title='bbox 997 3163 1132 3248; x_wconf 79' lang='lat' dir='ltr'><strong>pignori</strong></span> <span class='ocrx_word' id='word_1_168' title='bbox 1147 3164 1318 3248; x_wconf 81' lang='lat' dir='ltr'><strong>obligare3</strong></span> 
     </span>
     <span class='ocr_line' id='line_1_25' title="bbox 229 3262 1318 3348; baseline -0.003 -16"><span class='ocrx_word' id='word_1_169' title='bbox 229 3267 282 3332; x_wconf 90' lang='lat' dir='ltr'><strong>ita</strong></span> <span class='ocrx_word' id='word_1_170' title='bbox 306 3273 423 3332; x_wconf 67' lang='lat' dir='ltr'><strong>nmen</strong></span> <span class='ocrx_word' id='word_1_171' title='bbox 446 3264 539 3348; x_wconf 91' lang='lat' dir='ltr'><strong>quod</strong></span> <span class='ocrx_word' id='word_1_172' title='bbox 562 3262 624 3343; x_wconf 91' lang='lat' dir='ltr'><strong>illi,</strong></span> <span class='ocrx_word' id='word_1_173' title='bbox 651 3263 775 3347; x_wconf 89' lang='lat' dir='ltr'><strong>quibus</strong></span> <span class='ocrx_word' id='word_1_174' title='bbox 799 3263 1059 3329; x_wconf 88' lang='lat' dir='ltr'><strong>committendos</strong></span> <span class='ocrx_word' id='word_1_175' title='bbox 1081 3262 1242 3329; x_wconf 84' lang='lat' dir='ltr'><strong>duxerint</strong></span> <span class='ocrx_word' id='word_1_176' title='bbox 1262 3265 1318 3331; x_wconf 88' lang='lat' dir='ltr'><strong>vel</strong></span> 
     </span>
     <span class='ocr_line' id='line_1_26' title="bbox 230 3362 1321 3448; baseline -0.001 -17"><span class='ocrx_word' id='word_1_177' title='bbox 230 3366 334 3431; x_wconf 86' lang='lat' dir='ltr'><strong>etiam</strong></span> <span class='ocrx_word' id='word_1_178' title='bbox 366 3363 582 3448; x_wconf 79' lang='lat' dir='ltr'><strong>obligandos,</strong></span> <span class='ocrx_word' id='word_1_179' title='bbox 612 3362 703 3427; x_wconf 89' lang='lat' dir='ltr'><strong>infra</strong></span> <span class='ocrx_word' id='word_1_180' title='bbox 731 3363 969 3447; x_wconf 70' lang='lat' dir='ltr'><strong>praescriptum</strong></span> <span class='ocrx_word' id='word_1_181' title='bbox 998 3370 1134 3448; x_wconf 89' lang='lat' dir='ltr'><strong>tempus</strong></span> <span class='ocrx_word' id='word_1_182' title='bbox 1166 3383 1245 3429; x_wconf 93' lang='lat' dir='ltr'><strong>cum</strong></span> <span class='ocrx_word' id='word_1_183' title='bbox 1278 3383 1321 3430; x_wconf 87' lang='lat' dir='ltr'><strong>ea</strong></span> 
     </span>
     <span class='ocr_line' id='line_1_27' title="bbox 229 3461 1320 3548; baseline -0.001 -17"><span class='ocrx_word' id='word_1_184' title='bbox 229 3465 429 3548; x_wconf 76' lang='lat' dir='ltr'><strong>integritate</strong></span> <span class='ocrx_word' id='word_1_185' title='bbox 462 3471 649 3547; x_wconf 85' lang='lat' dir='ltr'><strong>proventus</strong></span> <span class='ocrx_word' id='word_1_186' title='bbox 680 3461 869 3546; x_wconf 89' lang='lat' dir='ltr'><strong>percipiant</strong></span> <span class='ocrx_word' id='word_1_187' title='bbox 902 3462 1104 3541; x_wconf 89' lang='lat' dir='ltr'><strong>antedictos,</strong></span> <span class='ocrx_word' id='word_1_188' title='bbox 1139 3482 1218 3528; x_wconf 92' lang='lat' dir='ltr'><strong>cum</strong></span> <span class='ocrx_word' id='word_1_189' title='bbox 1249 3484 1320 3548; x_wconf 89' lang='lat' dir='ltr'><strong>qua</strong></span> 
     </span>
     <span class='ocr_line' id='line_1_28' title="bbox 230 3561 1320 3649; baseline -0.001 -19"><span class='ocrx_word' id='word_1_190' title='bbox 230 3565 299 3649; x_wconf 89' lang='lat' dir='ltr'><strong>ipsi</strong></span> <span class='ocrx_word' id='word_1_191' title='bbox 324 3582 385 3630; x_wconf 88' lang='lat' dir='ltr'><strong>eos</strong></span> <span class='ocrx_word' id='word_1_192' title='bbox 410 3563 624 3647; x_wconf 87' lang='lat' dir='ltr'><strong>perceperint</strong></span> <span class='ocrx_word' id='word_1_193' title='bbox 644 3561 674 3627; x_wconf 90' lang='lat' dir='ltr'><strong>si</strong></span> <span class='ocrx_word' id='word_1_194' title='bbox 693 3561 728 3626; x_wconf 92' lang='lat' dir='ltr'><strong>in</strong></span> <span class='ocrx_word' id='word_1_195' title='bbox 749 3561 915 3641; x_wconf 89' lang='lat' dir='ltr'><strong>eeclesiis,</strong></span> <span class='ocrx_word' id='word_1_196' title='bbox 935 3562 1114 3647; x_wconf 87' lang='lat' dir='ltr'><strong>inquibus</strong></span> <span class='ocrx_word' id='word_1_197' title='bbox 1140 3563 1235 3647; x_wconf 89' lang='lat' dir='ltr'><strong>ipsos</strong></span> <span class='ocrx_word' id='word_1_198' title='bbox 1259 3565 1320 3629; x_wconf 93' lang='lat' dir='ltr'><strong>ob·</strong></span> 
     </span>
     <span class='ocr_line' id='line_1_29' title="bbox 233 3660 1321 3746; baseline -0.001 -16"><span class='ocrx_word' id='word_1_199' title='bbox 233 3664 355 3741; x_wconf 82' lang='lat' dir='ltr'><strong>tinent,</strong></span> <span class='ocrx_word' id='word_1_200' title='bbox 391 3663 617 3746; x_wconf 84' lang='lat' dir='ltr'><strong>personaliter</strong></span> <span class='ocrx_word' id='word_1_201' title='bbox 647 3660 844 3727; x_wconf 86' lang='lat' dir='ltr'><strong>residerent</strong></span> <span class='ocrx_word' id='word_1_202' title='bbox 896 3660 990 3741; x_wconf 82' lang='lat' dir='ltr'><strong>Quia</strong></span> <span class='ocrx_word' id='word_1_203' title='bbox 1019 3682 1102 3729; x_wconf 89' lang='lat' dir='ltr'><strong>vero</strong></span> <span class='ocrx_word' id='word_1_204' title='bbox 1130 3663 1321 3729; x_wconf 89' lang='lat' dir='ltr'><strong>subsidium</strong></span> 
     </span>
     <span class='ocr_line' id='line_1_30' title="bbox 232 3760 1322 3847; baseline -0.001 -17"><span class='ocrx_word' id='word_1_205' title='bbox 232 3764 352 3830; x_wconf 84' lang='lat' dir='ltr'><strong>Terrae</strong></span> <span class='ocrx_word' id='word_1_206' title='bbox 367 3770 498 3828; x_wconf 76' lang='lat' dir='ltr'><strong>sanctae</strong></span> <span class='ocrx_word' id='word_1_207' title='bbox 512 3761 659 3826; x_wconf 94' lang='lat' dir='ltr'><strong>multum</strong></span> <span class='ocrx_word' id='word_1_208' title='bbox 675 3760 830 3845; x_wconf 92' lang='lat' dir='ltr'><strong>impediri</strong></span> <span class='ocrx_word' id='word_1_209' title='bbox 845 3760 901 3825; x_wconf 89' lang='lat' dir='ltr'><strong>vel</strong></span> <span class='ocrx_word' id='word_1_210' title='bbox 921 3761 1088 3827; x_wconf 85' lang='lat' dir='ltr'><strong>retardari</strong></span> <span class='ocrx_word' id='word_1_211' title='bbox 1107 3765 1322 3847; x_wconf 79' lang='lat' dir='ltr'><strong>contingeret</strong></span> 
     </span>
     <span class='ocr_line' id='line_1_31' title="bbox 232 3860 1323 3948; baseline -0.001 -20"><span class='ocrx_word' id='word_1_212' title='bbox 232 3864 264 3928; x_wconf 92' lang='lat' dir='ltr'><strong>si</strong></span> <span class='ocrx_word' id='word_1_213' title='bbox 284 3871 366 3929; x_wconf 89' lang='lat' dir='ltr'><strong>ante</strong></span> <span class='ocrx_word' id='word_1_214' title='bbox 386 3863 638 3946; x_wconf 88' lang='lat' dir='ltr'><strong>susceptionem</strong></span> <span class='ocrx_word' id='word_1_215' title='bbox 658 3861 769 3925; x_wconf 91' lang='lat' dir='ltr'><strong>crucis</strong></span> <span class='ocrx_word' id='word_1_216' title='bbox 791 3860 978 3945; x_wconf 88' lang='lat' dir='ltr'><strong>quemlibet</strong></span> <span class='ocrx_word' id='word_1_217' title='bbox 999 3861 1196 3927; x_wconf 85' lang='lat' dir='ltr'><strong>examinare</strong></span> <span class='ocrx_word' id='word_1_218' title='bbox 1221 3883 1323 3948; x_wconf 89' lang='lat' dir='ltr'><strong>opor-</strong></span> 
     </span>
     <span class='ocr_line' id='line_1_32' title="bbox 232 3958 1323 4046; baseline -0.002 -17"><span class='ocrx_word' id='word_1_219' title='bbox 232 3969 323 4029; x_wconf 88' lang='lat' dir='ltr'><strong>teret</strong></span> <span class='ocrx_word' id='word_1_220' title='bbox 338 3982 385 4028; x_wconf 89' lang='lat' dir='ltr'><strong>an</strong></span> <span class='ocrx_word' id='word_1_221' title='bbox 401 3968 493 4027; x_wconf 86' lang='lat' dir='ltr'><strong>esset</strong></span> <span class='ocrx_word' id='word_1_222' title='bbox 506 3961 651 4026; x_wconf 88' lang='lat' dir='ltr'><strong>idoneus</strong></span> <span class='ocrx_word' id='word_1_223' title='bbox 673 3967 708 4025; x_wconf 92' lang='lat' dir='ltr'><strong>et</strong></span> <span class='ocrx_word' id='word_1_224' title='bbox 728 3958 899 4025; x_wconf 88' lang='lat' dir='ltr'><strong>sufficiens</strong></span> <span class='ocrx_word' id='word_1_225' title='bbox 920 3960 963 4025; x_wconf 91' lang='lat' dir='ltr'><strong>ad</strong></span> <span class='ocrx_word' id='word_1_226' title='bbox 981 3959 1083 4046; x_wconf 75' lang='lat' dir='ltr'><strong>huJus</strong></span> <span class='ocrx_word' id='word_1_227' title='bbox 1104 3969 1224 4026; x_wconf 91' lang='lat' dir='ltr'><strong>votum</strong></span> <span class='ocrx_word' id='word_1_228' title='bbox 1244 3982 1323 4046; x_wconf 88' lang='lat' dir='ltr'><strong>per·</strong></span> 
     </span>
     <span class='ocr_line' id='line_1_33' title="bbox 233 4058 1324 4146; baseline -0.001 -18"><span class='ocrx_word' id='word_1_229' title='bbox 233 4062 399 4128; x_wconf 88' lang='lat' dir='ltr'><strong>sonaliter</strong></span> <span class='ocrx_word' id='word_1_230' title='bbox 419 4060 703 4146; x_wconf 86' lang='lat' dir='ltr'><strong>prosequendum,</strong></span> <span class='ocrx_word' id='word_1_231' title='bbox 717 4058 932 4125; x_wconf 89' lang='lat' dir='ltr'><strong>concedimus</strong></span> <span class='ocrx_word' id='word_1_232' title='bbox 947 4067 998 4138; x_wconf 92' lang='lat' dir='ltr'><strong>ut,</strong></span> <span class='ocrx_word' id='word_1_233' title='bbox 1013 4060 1227 4143; x_wconf 80' lang='lat' dir='ltr'><strong>regularibus</strong></span> <span class='ocrx_word' id='word_1_234' title='bbox 1249 4082 1324 4146; x_wconf 92' lang='lat' dir='ltr'><strong>per-</strong></span> 
     </span>
     <span class='ocr_line' id='line_1_34' title="bbox 234 4159 1325 4244; baseline -0.002 -16"><span class='ocrx_word' id='word_1_235' title='bbox 234 4162 330 4228; x_wconf 89' lang='lat' dir='ltr'><strong>sonis</strong></span> <span class='ocrx_word' id='word_1_236' title='bbox 357 4160 523 4244; x_wconf 86' lang='lat' dir='ltr'><strong>exceptis,</strong></span> <span class='ocrx_word' id='word_1_237' title='bbox 549 4159 739 4244; x_wconf 87' lang='lat' dir='ltr'><strong>suscipiant</strong></span> <span class='ocrx_word' id='word_1_238' title='bbox 766 4160 961 4243; x_wconf 91' lang='lat' dir='ltr'><strong>quicunque</strong></span> <span class='ocrx_word' id='word_1_239' title='bbox 990 4159 1160 4225; x_wconf 87' lang='lat' dir='ltr'><strong>voluerint</strong></span> <span class='ocrx_word' id='word_1_240' title='bbox 1187 4161 1325 4243; x_wconf 78' lang='lat' dir='ltr'><strong>signum</strong></span> 
     </span>
     <span class='ocr_line' id='line_1_35' title="bbox 234 4258 1327 4345; baseline -0.002 -17"><span class='ocrx_word' id='word_1_241' title='bbox 234 4262 347 4328; x_wconf 88' lang='lat' dir='ltr'><strong>crucis</strong></span> <span class='ocrx_word' id='word_1_242' title='bbox 361 4282 371 4341; x_wconf 84' lang='lat'><em>3</em></span> <span class='ocrx_word' id='word_1_243' title='bbox 393 4261 444 4325; x_wconf 90' lang='lat' dir='ltr'><strong>ito</strong></span> <span class='ocrx_word' id='word_1_244' title='bbox 455 4260 560 4345; x_wconf 93' lang='lat' dir='ltr'><strong>quod,</strong></span> <span class='ocrx_word' id='word_1_245' title='bbox 574 4259 606 4324; x_wconf 90' lang='lat' dir='ltr'><strong>si</strong></span> <span class='ocrx_word' id='word_1_246' title='bbox 620 4277 745 4342; x_wconf 77' lang='lat' dir='ltr'><strong>urgens</strong></span> <span class='ocrx_word' id='word_1_247' title='bbox 762 4258 948 4324; x_wconf 88' lang='lat' dir='ltr'><strong>necessitas</strong></span> <span class='ocrx_word' id='word_1_248' title='bbox 964 4267 1025 4324; x_wconf 88' lang='lat' dir='ltr'><strong>aut</strong></span> <span class='ocrx_word' id='word_1_249' title='bbox 1037 4259 1176 4325; x_wconf 89' lang='lat' dir='ltr'><strong>evidens</strong></span> <span class='ocrx_word' id='word_1_250' title='bbox 1193 4261 1327 4327; x_wconf 91' lang='lat' dir='ltr'><strong>utilitas</strong></span> 
     </span>
     <span class='ocr_line' id='line_1_36' title="bbox 229 4358 1328 4446; baseline 0 -19"><span class='ocrx_word' id='word_1_251' title='bbox 229 4360 476 4446; x_wconf 84' lang='lat' dir='ltr'><strong>postulaverit,</strong></span> <span class='ocrx_word' id='word_1_252' title='bbox 491 4367 611 4425; x_wconf 91' lang='lat' dir='ltr'><strong>votum</strong></span> <span class='ocrx_word' id='word_1_253' title='bbox 627 4359 739 4443; x_wconf 89' lang='lat' dir='ltr'><strong>ipsum</strong></span> <span class='ocrx_word' id='word_1_254' title='bbox 759 4358 982 4425; x_wconf 90' lang='lat' dir='ltr'><strong>demandato</strong></span> <span class='ocrx_word' id='word_1_255' title='bbox 1006 4359 1196 4442; x_wconf 87' lang='lat' dir='ltr'><strong>apostolico</strong></span> <span class='ocrx_word' id='word_1_256' title='bbox 1216 4362 1328 4445; x_wconf 89' lang='lat' dir='ltr'><strong>possit</strong></span> 
     </span>
     <span class='ocr_line' id='line_1_37' title="bbox 236 4457 1328 4538; baseline 0.001 -12"><span class='ocrx_word' id='word_1_257' title='bbox 236 4458 449 4538; x_wconf 89' lang='lat' dir='ltr'><strong>commutari,</strong></span> <span class='ocrx_word' id='word_1_258' title='bbox 482 4467 545 4527; x_wconf 91' lang='lat' dir='ltr'><strong>aut</strong></span> <span class='ocrx_word' id='word_1_259' title='bbox 572 4458 703 4538; x_wconf 88' lang='lat' dir='ltr'><strong>redimi,</strong></span> <span class='ocrx_word' id='word_1_260' title='bbox 733 4467 794 4525; x_wconf 90' lang='lat' dir='ltr'><strong>ant</strong></span> <span class='ocrx_word' id='word_1_261' title='bbox 820 4457 958 4524; x_wconf 85' lang='lat' dir='ltr'><strong>differri.</strong></span> <span class='ocrx_word' id='word_1_262' title='bbox 1008 4458 1188 4525; x_wconf 89' lang='lat' dir='ltr'><strong>Universis</strong></span> <span class='ocrx_word' id='word_1_263' title='bbox 1212 4468 1328 4527; x_wconf 92' lang='lat' dir='ltr'><strong>autem</strong></span> 
     </span>
     <span class='ocr_line' id='line_1_38' title="bbox 237 4557 1329 4647; baseline -0.003 -19"><span class='ocrx_word' id='word_1_264' title='bbox 237 4561 459 4628; x_wconf 89' lang='lat' dir='ltr'><strong>ecelesiarum</strong></span> <span class='ocrx_word' id='word_1_265' title='bbox 474 4557 629 4645; x_wconf 85' lang='lat' dir='ltr'><strong>praelatis</strong></span> <span class='ocrx_word' id='word_1_266' title='bbox 647 4558 801 4626; x_wconf 89' lang='lat' dir='ltr'><strong>districte</strong></span> <span class='ocrx_word' id='word_1_267' title='bbox 817 4558 1047 4645; x_wconf 75' lang='lat' dir='ltr'><strong>precipimus,</strong></span> <span class='ocrx_word' id='word_1_268' title='bbox 1070 4567 1110 4625; x_wconf 92' lang='lat' dir='ltr'><strong>ut</strong></span> <span class='ocrx_word' id='word_1_269' title='bbox 1123 4560 1251 4644; x_wconf 76' lang='lat' dir='ltr'><strong>singuli</strong></span> <span class='ocrx_word' id='word_1_270' title='bbox 1267 4581 1329 4647; x_wconf 89' lang='lat' dir='ltr'><strong>per</strong></span> 
     </span>
    </p>
   </div>
   <div class='ocr_carea' id='block_1_5' title="bbox 0 0 1703 5734">
    <p class='ocr_par' dir='ltr' id='par_1_5' title="bbox 0 0 1703 5734">
     <span class='ocr_line' id='line_1_39' title="bbox 0 0 1703 5734; baseline 0 0"><span class='ocrx_word' id='word_1_271' title='bbox 0 0 1703 5734; x_wconf 95' lang='lat' dir='ltr'><strong> </strong></span> 
     </span>
    </p>
   </div>
  </div>
 </body>
</html>
