3334 5734
360 729 426 796 280
728 747 926 798 nscrrorrns
952 743 1098 799 viarm

363 929 510 1009 batibus,
533 929 705 997 Roilensis
726 939 762 997 et
785 930 1010 997 cicestrensis
1032 931 1217 1007 diocesem,
1243 935 1280 993 et
1301 944 1450 1012 praecen-

364 1030 431 1095 tori
457 1031 609 1098 ecclesiae
630 1030 759 1097 Christi
781 1030 1052 1109 Cantauriensis,
1070 1029 1218 1095 salntem
1239 1036 1276 1093 et
1290 1025 1454 1110 apostoli·

364 1148 440 1194 cam
457 1131 736 1198 benedictionem.
782 1131 849 1196 llle
863 1131 1008 1196 callidus
1023 1129 1276 1215 supplantator,
1292 1127 1455 1192 calumni-

365 1236 442 1296 ator
457 1230 608 1314 iniquus,
626 1230 686 1316 qui
700 1249 769 1297 non
784 1231 930 1298 miratur
950 1231 1042 1315 quod
1061 1230 1186 1294 flumen
1206 1227 1368 1294 absorbet
1388 1226 1454 1291 nisi

365 1337 401 1394 et
415 1338 453 1394 ut
466 1329 631 1397 Jordanis
647 1329 770 1396 influat
786 1331 822 1396 in
838 1350 878 1396 os
894 1329 981 1415 ejus,
998 1349 1095 1396 escas
1108 1329 1353 1413 concupiscens
1365 1326 1453 1392 elec-

366 1435 432 1508 tas,
453 1429 522 1494 illis
538 1429 627 1516 jacit
641 1429 780 1515 pedicas
801 1431 837 1496 iu
848 1431 1034 1516 jacturam,
1048 1430 1108 1514 qui
1123 1436 1216 1495 stare
1233 1426 1454 1513 probabiliter

368 1528 588 1610 videbantur3
605 1531 846 1614 conquerariis
856 1530 1047 1596 incursibus
1058 1548 1127 1595 non
1137 1527 1263 1594 desinit
1272 1534 1454 1604 attentare,

365 1629 437 1712 qui,
454 1637 494 1696 ut
510 1630 585 1715 ejus
597 1630 785 1712 effugerent
801 1630 955 1714 laqueos,
972 1649 1010 1695 se
1026 1630 1062 1695 in
1079 1627 1322 1695 claustralibus
1334 1626 1456 1692 castris

365 1738 594 1813 receptarunt.
645 1729 762 1810 Quare
789 1749 863 1808 nos,
888 1739 924 1795 et
948 1728 1048 1795 istius
1072 1729 1213 1794 obviare
1242 1726 1396 1805 malitiae,
1420 1736 1455 1791 et

366 1827 500 1908 horum,
519 1836 621 1913 prout
636 1829 780 1897 interest
796 1839 927 1908 nostm,
941 1829 1047 1894 saluti
1066 1828 1245 1894 consulere
1266 1827 1454 1910 cupientes,

366 1927 512 1996 libenter
530 1929 690 2009 remedia,
712 1949 790 2014 quae
812 1949 1007 2014 pomorum,
1028 1947 1264 2013 procuramus,
1282 1936 1323 1991 ut
1339 1926 1455 2011 praeda

366 2026 409 2093 de
427 2029 520 2095 illius
534 2030 690 2096 faucibus
704 2029 887 2095 auferatur.
934 2028 1163 2111 Intelligimus
1180 2026 1349 2112 siquidem
1363 2026 1454 2111 quod

367 2130 533 2195 nonnulla
555 2131 764 2196 monasteria
787 2136 951 2215 exempta
973 2128 1231 2195 cantuariensis
1253 2126 1400 2193 diocesis
1421 2127 1454 2190 in

366 2228 601 2311 spiritualibus
622 2229 811 2296 deformata
833 2238 871 2295 et
890 2231 926 2296 iu
949 2228 1195 2313 temporalibus
1212 2227 1283 2292 sint
1305 2226 1456 2309 graviter

366 2325 547 2407 diminuta,
575 2330 657 2394 dnm
684 2328 843 2394 monachi
872 2336 908 2396 et
939 2329 1104 2395 moniales
1131 2347 1262 2405 eorum,
1286 2326 1455 2391 diabolica

366 2429 589 2509 suggestione
614 2428 759 2507 seducti,
785 2430 998 2493 immemores
1024 2428 1118 2512 pacti
1140 2426 1280 2492 Domini
1300 2427 1368 2491 Dei
1390 2427 1454 2505 sui,

366 2545 435 2609 quo
451 2546 521 2594 non
537 2528 650 2594 solum
665 2547 729 2593 sua
749 2528 810 2593 sed
827 2528 959 2611 seipsos
980 2528 1193 2611 professione
1206 2526 1336 2592 ordinis
1352 2527 1454 2591 abne·

366 2634 506 2709 garum,
518 2647 581 2694 nec
597 2625 744 2694 mule
758 2636 794 2693 et
810 2627 966 2712 Saphirae
981 2628 1102 2693 mortis
1121 2628 1325 2693 sententiam
1339 2626 1454 2692 lormi-

366 2725 501 2803 dantes,
521 2746 590 2794 non
608 2729 681 2793 sine
695 2727 779 2793 furti
795 2734 879 2794 nota
895 2735 931 2793 et
944 2746 1050 2806 noxa,
1067 2726 1352 2793 monasteriorum
1367 2727 1454 2792 bona

365 2826 552 2912 improprie
576 2827 642 2893 sibi
672 2829 897 2912 appropriant
922 2835 958 2893 et
985 2834 1167 2906 retentant,
1192 2834 1365 2892 venantur
1389 2846 1454 2893 nou

366 2927 548 2993 venialiter
573 2927 670 2994 lucra
702 2927 901 3012 pecuniaria
925 2927 1153 2993 mercimoniis
1178 2935 1214 2992 et
1243 2926 1371 3006 usuris,
1397 2927 1455 2991 sed

367 3033 404 3091 et
417 3026 598 3112 disciplina
614 3028 803 3093 monastica
817 3027 947 3093 ordinis
964 3026 1139 3111 profligati
1159 3045 1316 3110 persona
1337 3034 1457 3110 patent

367 3128 579 3211 contemptui
603 3133 639 3193 et
661 3127 781 3210 religio
805 3125 1072 3210 blasphematur,
1123 3126 1180 3192 Ne
1205 3126 1314 3209 igitur
1338 3126 1457 3192 talium

367 3225 488 3309 culpas
510 3234 646 3292 nostras
669 3224 801 3292 efficere
826 3227 1002 3291 videamur
1028 3227 1109 3291 dum
1134 3245 1194 3291 eas
1221 3225 1457 3311 reliquerimus

368 3324 588 3405 incorrectae,
602 3326 847 3405 visitationem,
861 3326 1118 3404 correctionem,
1132 3334 1169 3392 et
1184 3326 1456 3392 reformationem

368 3426 651 3491 monasteriorum
666 3427 831 3509 ipsorum,
850 3427 971 3491 tamin
987 3426 1100 3511 capite
1116 3445 1219 3510 quam
1236 3425 1273 3489 iu
1287 3426 1456 3502 membris,

369 3523 479 3602 vobis,
503 3524 547 3588 de
567 3544 712 3608 quorum
732 3525 798 3591 fide
823 3545 865 3590 ac
888 3525 1092 3591 discretione
1115 3526 1345 3591 indubitatam
1370 3526 1458 3592 fidu·

368 3622 457 3687 ciam
477 3623 682 3704 obtinemus,
709 3644 813 3709 super
842 3625 895 3691 bis
923 3634 960 3691 et
985 3625 1063 3690 aliis
1087 3626 1331 3691 committimus
1353 3626 1458 3691 confi·

367 3721 513 3801 denter;
551 3743 715 3790 concessa
746 3726 844 3790 vobis
877 3745 980 3810 super
1013 3725 1197 3810 praedictis,
1228 3725 1459 3809 appellatione

369 3831 512 3901 remota,
554 3823 709 3908 plenaria
742 3832 927 3908 potestate,
964 3845 1006 3891 ac
1037 3827 1179 3891 statutis
1211 3826 1247 3891 in
1279 3825 1460 3910 principali

368 3924 521 4007 capitulo
543 3924 608 3989 rite
631 3923 732 3991 sactis
754 3924 788 3989 in
808 3945 872 3990 suo
898 3927 1018 3991 robore
1042 3924 1259 3992 nihilominus
1275 3923 1458 3991 duraturis

369 4022 542 4104 Quocirca
565 4025 802 4090 discretionem
827 4034 977 4091 vestram
1000 4045 1163 4109 rogamus
1183 4034 1220 4091 et
1238 4025 1461 4091 exhortamur

369 4132 513 4202 attente,
527 4144 588 4208 per
597 4125 787 4208 apostolica
803 4126 902 4191 vobis
916 4126 1045 4210 scripta
1059 4126 1095 4212 in
1112 4126 1241 4191 virtute
1256 4125 1459 4191 obedientia

370 4222 524 4288 districte
567 4224 793 4308 praecipiendo
829 4225 1042 4302 mandantes,
1078 4234 1250 4309 quatenus
1281 4227 1458 4310 praemissa

364 4323 473 4408 juxta
486 4344 582 4407 spem
600 4333 754 4390 nostram
772 4325 896 4391 taliter
911 4326 1052 4409 exsequi
1072 4326 1254 4403 studeatis,
1269 4326 1363 4410 quod
1384 4326 1456 4391 Deo
1563 4364 1566 4368 -

369 4433 507 4506 gratum
524 4433 558 4489 et
576 4425 675 4490 nobis
696 4434 814 4508 posset
831 4445 908 4490 esse
928 4433 1116 4510 acceptum.
1168 4424 1455 4503 Contradictores,

369 4525 399 4588 si
416 4525 476 4607 qui
492 4523 631 4603 suerint,
648 4544 709 4610 per
730 4545 908 4591 censuram
931 4525 1209 4604 ecclesiasticam,
1231 4525 1455 4610 appellatione
