3334 5734
394 687 461 755 2⁰8
762 704 962 754 cucuronns
986 704 1115 754 visin.

447 886 535 953 siam
568 885 785 970 depracatus
817 893 882 964 est,
914 893 951 951 ct
980 905 1043 969 per
1074 885 1272 951 savaricum
1304 888 1350 952 dc
1379 886 1489 953 Malo·

446 987 546 1052 leone
567 992 602 1049 et
622 985 709 1050 alios
733 985 880 1050 nefarios
901 986 1084 1069 complices
1108 1004 1190 1050 snos
1211 986 1337 1051 ibidem
1360 987 1489 1051 scelera

447 1084 603 1151 inaudita
633 1086 855 1168 perpetravit.
917 1084 1049 1150 Deinde
1078 1105 1140 1168 par
1172 1087 1322 1150 maneria
1354 1088 1488 1152 abbatis

448 1185 491 1250 de
515 1183 679 1251 Croiiand
696 1185 877 1263 transiens,
893 1204 1009 1250 omnes
1025 1193 1160 1267 segetes
1179 1184 1264 1269 ejus,
1285 1187 1378 1250 sicut
1393 1194 1489 1251 amnt

447 1285 483 1348 in
505 1283 573 1349 fine
592 1285 748 1349 autumni
764 1293 951 1367 congestae,
973 1285 1010 1349 in
1026 1283 1161 1349 favillas
1184 1284 1488 1368 redegit—Added

447 1383 484 1448 in
500 1383 543 1449 B.
561 1384 607 1468 by
625 1382 725 1448 Paris
742 1383 887 1449 himself.

408 1532 466 1570 m.
492 1532 546 1570 ΠΙ.

400 1610 748 1690 385,28‚0em...dt
797 1611 914 1677 desunt.

564 1709 662 1774 cnidio

403 1833 476 1913 386,
514 1830 544 1911 7,
556 1833 660 1919 potuit
801 1834 926 1919 potuit,
941 1836 1112 1899 vocabant
1126 1833 1216 1898 enim
1231 1853 1310 1899 cum
1326 1833 1403 1898 fata
1419 1853 1490 1899 sun.
1622 1838 1623 1841 ’

822 1933 942 2000 Abbas
966 1934 1072 2017 igitur
1096 1932 1338 1998 canonicorum
1367 1932 1491 1998 Croke·

823 2034 946 2099 stoniae
981 2033 1205 2115 peritissimus
1233 2035 1270 2098 in
1305 2034 1492 2110 medicinis.

824 2134 883 2217 qni
913 2133 1065 2198 medicus
1096 2134 1186 2215 regis
1218 2139 1303 2197 tunc
1334 2136 1492 2216 temporis

824 2232 1019 2311 exstiterat,
1048 2232 1140 2296 sacta
1162 2233 1339 2297 anatomia
1362 2232 1407 2296 de
1423 2252 1493 2297 oot-
1627 2240 1628 2269 ¹

823 2351 906 2416 pore
923 2330 1019 2414 regio
1041 2341 1080 2395 ut
1094 2331 1269 2397 honestius
1287 2339 1493 2415 portaretur,
1628 2376 1629 2385 2

823 2433 955 2497 viscera
980 2431 1119 2514 copioso
1141 2431 1213 2495 sale
1240 2451 1441 2515 conspersa,
1461 2434 1492 2495 in
1629 2480 1630 2483 η

823 2551 889 2595 sua
916 2530 1017 2596 domo
1040 2538 1285 2614 transportata,
1312 2531 1494 2596 honorifice

825 2630 906 2695 iecit
922 2630 1069 2714 sepeliri.
1120 2630 1206 2695 Cum
1223 2638 1341 2694 autem
1359 2651 1492 2712 regnas·

824 2738 879 2795 set
898 2749 961 2794 rex
985 2728 1162 2795 iohannes
1182 2730 1282 2794 annis
1296 2730 1492 2808 octodecim,

825 2830 998 2894 mensibus
1029 2829 1190 2913 quinque,
1226 2829 1346 2893 diebus
1385 2840 1492 2895 antem

825 2937 986 3012 quatuor,
1012 2931 1056 2994 ab
1083 2928 1147 2993 hac
1173 2929 1258 3006 vita,
1287 2937 1371 3012 post
1398 2929 1493 3014 hujus

824 3028 932 3094 saculi
951 3028 1078 3093 multas
1101 3028 1380 3113 perturbationes
1402 3037 1437 3093 et
1450 3030 1495 3093 la·

826 3130 925 3194 bores
964 3128 1114 3206 inutiles,
1153 3129 1190 3192 in
1231 3127 1341 3192 multa
1377 3131 1493 3193 mentis

826 3228 1053 3293 amaritudine
1070 3229 1265 3292 subtractus
1278 3230 1495 3311 transmigre-

826 3329 889 3405 vit‚
916 3327 1000 3392 nihil
1027 3335 1138 3405 torrae,
1163 3327 1232 3391 imo
1258 3346 1322 3392 nec
1349 3328 1493 3411 scipsum

827 3426 1019 3511 possidens.
1069 3426 1283 3512 Sperandum
1309 3435 1365 3492 est
1386 3437 1495 3492 antem

827 3535 866 3615 et
899 3526 1085 3592 certissime
1124 3526 1375 3605 confidendum,
1409 3525 1494 3611 quod

827 3626 984 3710 qnaedam
1004 3627 1096 3692 bona
1116 3645 1233 3709 opera,
1254 3645 1333 3709 quae
1356 3625 1439 3691 fecit
1460 3627 1493 3690 in

827 3726 891 3790 hac
917 3726 1001 3805 vita,
1026 3726 1226 3809 allegabunt
1255 3745 1318 3810 pro
1346 3746 1390 3790 eo
1419 3735 1494 3790 ante

829 3825 977 3891 tribunal
1006 3825 1093 3890 Jesu
1121 3824 1271 3904 Christi3
1303 3827 1493 3891 construxit

827 3926 916 3991 enim
931 3926 1104 3990 abbatiam
1119 3924 1356 3990 cisterciensis
1371 3925 1493 3990 ordinis

831 4024 873 4089 de
895 4024 1100 4103 Bello-loco,
1126 4032 1161 4090 et
1178 4024 1364 4090 moriturus
1384 4023 1493 4089 domni

828 4125 871 4189 de
888 4123 1104 4190 Orokestuna
1119 4124 1234 4189 decem
1255 4125 1419 4190 librarum
1431 4131 1495 4189 ter·

828 4244 902 4290 ram
917 4224 1063 4290 contulit
1078 4223 1283 4309 opulentam.

410 4390 460 4405 -
504 4349 735 4427 limitatam
805 4347 897 4413 addit
924 4347 1047 4425 Paris,
1078 4348 1125 4413 Et
1153 4349 1208 4413 cui
1238 4368 1393 4413 connexa
1418 4322 1492 4411 dnm

482 4480 483 4483 ¹
829 4449 918 4514 vixit
935 4450 1060 4532 probra
1076 4448 1267 4514 manebant.
