3334 5734
574 732 771 782 onoriorvus
793 734 926 784 vanis.
1226 723 1292 789 248

204 907 321 987 ciales,
337 910 462 994 quibus
476 912 700 994 solummodo,
717 924 754 981 et
769 936 837 981 non
856 917 945 994 aliis,
966 917 1151 1000 recipiendi
1164 919 1287 985 iratres

203 1006 343 1073 licentia
357 1011 574 1080 concedatur.
626 1015 777 1080 Ministri
794 1036 876 1082 vero
891 1016 1073 1098 diligenter
1092 1019 1287 1086 examinent

203 1124 263 1169 eos
276 1107 318 1172 de
340 1107 406 1174 fide
420 1112 588 1178 catholica
605 1123 641 1179 et
656 1115 897 1180 ecclesiasticis
914 1117 1146 1182 moramentis.
1198 1118 1244 1183 Et
1257 1121 1286 1184 si

203 1202 277 1271 hmc
308 1209 422 1273 omnia
452 1210 604 1289 credant,
632 1222 668 1278 et
696 1215 804 1279 velint
831 1234 873 1280 ea
900 1214 1050 1281 fideliter
1068 1216 1222 1282 confiteri
1252 1226 1287 1283 et

201 1321 312 1388 usque
334 1307 370 1371 in
391 1307 492 1374 linem
506 1309 648 1377 firmiter
663 1313 857 1393 observare,
871 1321 907 1380 et
923 1334 1048 1379 uxores
1066 1335 1133 1380 non
1147 1315 1286 1394 babent,

201 1403 270 1482 vel,
286 1405 316 1469 si
333 1406 585 1486 hubent,etiam
601 1414 843 1478 monasterium
860 1414 1063 1479 intraverint
1079 1434 1216 1494 uxores,
1230 1417 1286 1481 vel

201 1501 374 1571 licentiam
399 1507 449 1571 eis
475 1508 642 1588 dederint,
672 1512 878 1577 auctoritate
905 1512 1090 1577 dioecesani
1122 1515 1284 1598 episcopi,

201 1609 284 1667 voto
297 1606 514 1674 continentiae
530 1609 606 1693 jum
622 1611 759 1689 emisso,
780 1619 816 1675 et
831 1611 925 1675 illius
941 1611 1011 1677 sint
1025 1612 1139 1677 aetatis
1159 1633 1285 1678 uxores

199 1702 292 1784 quod
313 1724 383 1770 non
405 1707 516 1789 possit
530 1709 574 1773 de
587 1709 637 1774 eis
651 1709 734 1774 oriri
748 1710 910 1793 suspicio,
931 1710 1048 1777 dicant
1068 1712 1117 1775 eis
1142 1713 1282 1777 verbum

199 1803 310 1868 sancti
326 1806 508 1888 evangelii,
526 1808 631 1891 quod,
646 1809 789 1887 scilicet,
806 1809 934 1874 vadant
954 1817 990 1874 et
1004 1810 1153 1875 vendant
1169 1812 1282 1876 omnia

198 1918 276 1979 sua,
292 1910 329 1968 et
343 1923 385 1969 ea
398 1905 560 1972 studeant
572 1909 780 1992 pauperibus
796 1927 949 1991 erogare.
1000 1908 1102 1989 Quod
1125 1910 1156 1974 si
1171 1910 1283 1976 lacere

197 2018 269 2065 non
297 2005 484 2086 potuerint,
508 2005 632 2073 sufficit
654 2008 705 2072 eis
732 2009 821 2072 bona
847 2008 1019 2073 voluntas.
1070 2007 1117 2072 Et
1139 2017 1285 2076 caveant

197 2096 335 2180 fratres,
357 2110 529 2170 eteorum
542 2105 700 2185 ministri,
714 2127 758 2172 ue
772 2106 910 2171 solliciti
930 2108 999 2172 sint
1018 2106 1061 2171 de
1087 2107 1188 2172 rebus
1211 2109 1282 2173 suis

198 2201 455 2281 temporalibus,
493 2211 532 2270 ut
566 2205 671 2270 libere
704 2205 833 2271 faciant
862 2202 922 2269 de'
939 2207 1041 2271 rebus
1078 2207 1149 2271 suis
1186 2208 1283 2290 quio·

134 2370 139 2385 ι
197 2297 280 2379 quid
310 2299 479 2366 Dominus
514 2303 731 2388 inspiraverit
770 2305 831 2369 eis.
888 2304 925 2369 Si
957 2313 1072 2370 tamen
1104 2305 1282 2371 consilium

196 2396 401 2480 requiratur,
428 2401 601 2468 licentiam
629 2403 777 2470 habeant
802 2404 949 2469 ministri
974 2404 1130 2469 mittendi
1150 2425 1211 2470 eos
1238 2406 1283 2469 ad

196 2495 334 2580 aliquos
349 2499 463 2564 Deum
485 2502 653 2580 timentes,
675 2522 820 2586 quorum
842 2502 984 2568 consilio
1008 2504 1099 2568 bona
1120 2523 1183 2569 sua
1198 2523 1281 2586 pau-

195 2597 333 2678 peribus
363 2608 557 2682 erogentur.
609 2600 738 2667 Postea
762 2601 951 2667 concedant
974 2602 1024 2666 eis
1049 2620 1181 2684 pannos
1205 2622 1281 2684 pro

196 2694 356 2775 butionis,
372 2699 531 2764 videlicet
542 2699 629 2765 duas
644 2701 778 2764 tunicas
792 2701 867 2765 sine
881 2700 1031 2783 caputio,
1046 2707 1082 2764 et
1096 2700 1281 2781 cingulum,

194 2800 231 2859 et
252 2795 407 2875 braccas,
426 2806 461 2865 et
485 2818 688 2882 caperonem
711 2797 883 2882 usquead
906 2797 1100 2880 cingulnm3
1126 2799 1192 2862 nisi
1216 2800 1283 2863 eis-

194 2892 272 2958 dem
297 2896 461 2962 ministris
487 2897 593 2978 aliud,
616 2897 800 2963 secundum
826 2897 950 2971 Deum,
980 2896 1163 2978 aliquando
1187 2897 1280 2962 vide·

194 2998 284 3058 atur.
348 2995 464 3061 Finito
496 3016 578 3062 vero
609 3015 699 3061 anno
736 2995 957 3080 probationis,
996 2994 1204 3078 recipiantur
1236 2996 1280 3060 ad

191 3092 435 3172 obedientiam,
464 3096 701 3179 promittentes
729 3095 837 3161 vitam
864 3095 966 3159 istam
1000 3112 1134 3177 semper
1166 3100 1202 3159 et
1229 3114 1280 3158 re

190 3193 312 3274 gulam
327 3195 530 3274 observare3
554 3201 590 3260 et
604 3194 700 3261 nullo
713 3193 814 3259 modo
829 3193 945 3258 licebit
965 3193 1008 3257 de
1027 3194 1095 3257 istu
1114 3192 1279 3274 religione

191 3292 303 3372 exire,
329 3293 435 3377 juxta
463 3293 661 3360 mandatum
686 3293 812 3358 domini
839 3311 951 3376 papoe,
976 3291 1069 3374 quia,
1092 3291 1278 3356 secundum

189 3392 422 3475 evangelium,
453 3392 586 3459 ‘Nemo
621 3393 761 3458 mittens
793 3410 930 3457 manum
966 3390 1009 3454 ad
1042 3399 1205 3469 aratrum,
1243 3400 1279 3456 et

190 3491 364 3575 aspicieus
379 3499 483 3570 retro,
500 3500 603 3576 aptus
624 3499 678 3558 est
700 3511 806 3574 regno
826 3491 917 3556 Dei!
967 3490 1013 3555 Et
1037 3490 1099 3568 illi,
1125 3491 1184 3574 qui
1201 3490 1276 3574 jam

190 3591 424 3674 promiserunt
451 3592 689 3669 obedientiam,
717 3590 866 3655 habeant
890 3607 992 3653 unam
1021 3590 1170 3654 tunicam
1199 3608 1276 3653 oum

190 3690 348 3774 caputio,
376 3699 413 3755 et
442 3691 546 3755 aliam
578 3691 651 3755 sine
680 3691 829 3773 caputio,
857 3689 916 3772 qui
945 3687 1114 3753 voluerint
1141 3686 1274 3751 babere.

191 3788 240 3853 Et
263 3789 325 3873 qui
344 3789 547 3855 necessitate
570 3795 752 3871 coguntur,
775 3788 855 3852 licet
880 3793 1018 3869 portare
1042 3785 1276 3849 calciamenta.

191 3887 240 3954 Et
253 3888 378 3953 fratres
395 3908 512 3953 omnes
529 3887 740 3954 vestimentis
750 3886 875 3952 vilibus
887 3883 1082 3959 induantur,
1095 3891 1130 3946 et
1144 3880 1277 3963 possint

188 4005 234 4052 ea
257 4006 419 4071 reparare
439 3988 482 4052 de
506 3987 616 4053 saccis
636 3995 672 4051 et
688 3985 766 4050 aliis
791 3984 896 4067 peciis
922 3999 999 4045 cum
1021 3978 1275 4055 benedictione3

187 4105 280 4170 quos
307 4106 430 4152 moneo
456 4093 493 4152 et
512 4086 676 4151 exhortor
704 4104 748 4150 ne
776 4082 967 4166 despiciant
990 4097 1099 4160 neque
1121 4075 1276 4160 judicent

188 4185 359 4263 homines,
391 4205 477 4270 quos
502 4184 619 4250 vident
647 4182 805 4249 mollibus
828 4177 1039 4245 vestimentis
1059 4184 1094 4241 et
1114 4174 1275 4240 coloratis

187 4284 331 4349 indutos
354 4285 406 4350 uti
427 4285 513 4349 cibis
540 4291 576 4350 et
599 4283 738 4366 potibus
761 4279 926 4354 delicatis,
953 4276 1013 4342 sed
1037 4274 1146 4356 magis
1170 4292 1275 4337 unus·

187 4385 339 4468 quisque
348 4382 482 4467 judicet
496 4390 532 4450 et
545 4381 712 4467 despiciat
727 4379 958 4461 semetipsum.
