3334 5734
584 790 783 840 nnortouns
807 791 941 841 viarm.
1266 778 1310 842 53

225 911 283 951 ΡΜ.
304 912 356 952 un.

217 975 290 1053 165,
330 978 361 1053 9,
377 975 508 1063 miscis
609 976 701 1042 addit
715 976 841 1055 Paris,
855 978 1027 1062 praecipue
1043 997 1065 1043 o
1082 977 1308 1045 Normannis.

214 1139 265 1152 --
308 1102 359 1178 28,
373 1098 527 1187 redepnot
608 1102 867 1187 subjugaverat.

215 1218 499 1308 167,ll,q'usdom
609 1220 745 1289 Arabis.

211 1385 263 1399 —
306 1350 360 1424 34,
373 1347 544 1414 dicam
608 1346 765 1414 dictaret.

214 1469 286 1546 168,
302 1471 356 1545 10,
363 1469 436 1553 pom
607 1473 768 1539 nondum.

209 1630 260 1645 -
305 1594 557 1681 28‚ieipa'seo
605 1598 642 1662 in
656 1598 821 1683 ipsorum.

370 1714 441 1757 rem

113 1776 119 1787 ⁵
211 1812 556 1890 169,16,0t0i...cd·
606 1826 641 1885 et
664 1821 773 1887 eidem
798 1823 984 1906 spopondit
1006 1824 1163 1890 omnibus
1182 1824 1301 1890 diebus

369 1915 479 1982 harere
626 1920 708 1985 vitae
722 1941 796 1987 snae
812 1922 1013 2006 obligatum.

208 2079 258 2091 -
301 2040 353 2117 25,
369 2042 555 2130 etnicmrp
603 2045 830 2125 odditParis.‚
852 2047 936 2131 Ipsa
950 2068 1031 2114 vero
1052 2049 1162 2114 invita
1183 2050 1299 2133 nupsit

369 2139 424 2205 ets
436 2145 554 2229 mopsi-
625 2145 669 2222 ei,
685 2146 745 2211 sed
767 2156 946 2230 pareutum
966 2158 1002 2212 et
1016 2149 1200 2213 amicorum
1219 2168 1299 2213 con·

359 2240 554 2322 fioscolcdra·
624 2244 711 2309 siliis
727 2248 786 2311 vix
803 2247 1026 2329 adquiescens
1041 2246 1180 2312 tandem
1194 2247 1298 2314 taedio

369 2340 410 2404 tio
623 2345 746 2410 affecta
773 2346 957 2430 adquievit.
1010 2346 1186 2412 Instantes
1206 2349 1297 2412 enim

623 2443 819 2528 importune
845 2445 1015 2525 dicebant,
1033 2445 1089 2511 ‘0
1115 2447 1295 2512 mulierum

622 2546 883 2626 generosissima
899 2565 940 2610 ac
956 2545 1164 2628 gratissima,
1183 2566 1245 2630 per
1259 2554 1294 2611 te

621 2646 836 2727 reparabitur
852 2645 1045 2728 Anglorum
1067 2645 1212 2729 genialis
1234 2665 1294 2711 no-

620 2743 748 2822 bilitas,
785 2764 864 2828 quae
897 2744 956 2809 diu
994 2744 1224 2828 degeneravit,
1257 2752 1293 2811 et

619 2842 731 2908 ioedus
749 2863 950 2926 magnorum
970 2843 1161 2929 principum
1179 2844 1293 2910 redin-

618 2943 820 3025 tegrabitur,
831 2943 862 3008 si
874 2944 1089 3008 matrimonio
1102 2943 1291 3027 praelocuto

617 3043 820 3107 consentias.
872 3042 974 3122 Quod
1000 3043 1030 3107 si
1059 3062 1129 3108 non
1156 3043 1289 3123 seceris,

617 3159 722 3206 causa
744 3143 810 3207 eris
830 3140 990 3225 perennis
1003 3141 1190 3209 inimicitie
1203 3161 1288 3227 gen·

615 3241 700 3306 tium
723 3241 946 3320 diversarum,
971 3249 1006 3306 et
1025 3243 1203 3323 sanguinis
1224 3243 1288 3307 bu·

614 3341 707 3405 mani
722 3340 896 3406 effusionis
909 3337 1196 3406 irrestaurabilis.'
1224 3341 1286 3408 Vi-

614 3439 698 3504 dens
737 3441 844 3523 igitur
878 3441 976 3524 virgo
1010 3441 1284 3521 clementissima,

613 3540 705 3623 quod
727 3547 779 3605 tot
801 3547 837 3606 et
855 3547 1030 3605 tantorum
1051 3541 1203 3606 consiliis
1227 3561 1284 3606 nr·

612 3640 771 3721 gentibus
787 3640 1007 3723 adquiescere
1024 3640 1187 3724 oportuit,
1203 3659 1281 3725 quas

610 3757 687 3803 cnm
719 3738 916 3804 Christiana
948 3746 1132 3805 matertera
1161 3747 1282 3806 sancta

610 3838 825 3903 sanctissime
856 3839 892 3903 in
926 3838 1078 3904 claustro
1106 3839 1282 3921 religionis

610 3936 756 4002 educma
778 3938 903 4015 iuerat,
935 3944 970 4002 et
994 3946 1114 4003 votum
1140 3938 1282 4020 virgini·

610 4037 693 4102 tatis
709 4036 786 4102 Deo
807 4037 1048 4121 spoponderat,
1066 4044 1113 4114 et,
1129 4044 1169 4101 ut
1182 4036 1282 4102 multi

609 4135 799 4220 perhibent,
825 4136 939 4202 velum
972 4143 1169 4219 susceperat
1201 4156 1283 4220 pro·

609 4236 709 4301 iessae
743 4237 931 4319 religionis,
963 4236 1054 4300 irata
1088 4236 1124 4300 in
1157 4236 1280 4301 mentis

608 4334 698 4401 dixit
734 4335 972 4414 amaritudine,
1007 4335 1090 4400 ‘Ex
1125 4355 1194 4419 qno
1230 4336 1280 4401 sic

607 4442 744 4518 oportet
771 4435 857 4515 fieri,
886 4443 1059 4520 utcunque
1092 4436 1279 4514 consentio,

607 4534 667 4598 sed
691 4535 839 4600 fructum
860 4537 990 4601 ventris
1013 4536 1092 4615 mei,
1109 4535 1200 4619 quod
1225 4544 1280 4602 est
