3334 5734
550 790 749 843 uncurouss
774 791 906 842 ursin.
1208 782 1275 849 275

179 970 334 1055 stupido,
350 971 531 1038 consilium
551 971 589 1037 in
613 971 680 1038 hoc
698 973 844 1039 adculo
864 974 1045 1059 diligenter
1068 979 1269 1060 rogitantes,

179 1070 367 1136 ‘Imminet
386 1071 478 1136 enim
497 1072 684 1156 periculum
707 1080 779 1139 tem
796 1094 842 1139 ex
865 1082 964 1159 pune
979 1075 1132 1143 ecclesiae
1157 1078 1271 1144 Mere-

180 1171 336 1236 tonensis
346 1190 450 1255 quam
463 1171 626 1251 civitatis,
637 1192 715 1239 cum
730 1192 799 1238 non
810 1175 921 1257 possit
932 1174 1027 1242 furor
1039 1184 1145 1242 tantae
1161 1178 1269 1261 plebis

179 1268 385 1338 morenate
397 1278 434 1335 et
447 1270 635 1351 indomitae,
649 1272 732 1357 quin
747 1273 862 1338 omnin
874 1273 1071 1358 diriperent,
1087 1276 1270 1357 diruerent,

181 1389 248 1435 nec
269 1369 431 1454 sanguini
455 1380 646 1454 parcerent,
670 1371 869 1439 refraenari?
926 1373 1061 1455 Quibus
1089 1377 1269 1461 episcopus

180 1477 362 1534 cruentum
378 1468 465 1535 dans
483 1471 662 1537 consilium
676 1471 864 1556 respondit,
879 1473 1033 1539 ‘Durum
1047 1475 1139 1554 hinc,
1157 1476 1269 1542 dirum

179 1567 281 1650 inde3
313 1576 538 1636 veruntsmen
562 1591 634 1655 prae
660 1572 829 1651 omnibus,
853 1580 893 1638 ut
912 1582 1120 1659 preceptum
1142 1575 1271 1641 domini

180 1669 289 1735 vestri
305 1668 536 1754 adimpleatis,
548 1671 691 1737 consulo
712 1672 809 1737 vobis
829 1671 1083 1740 indubitanter.'
1132 1673 1182 1741 At
1203 1676 1270 1759 ipsi

181 1767 414 1852 obstupefacti
430 1768 473 1834 de
487 1769 550 1835 tali
563 1771 706 1836 consilio
720 1771 908 1855 episcopffi
926 1774 1050 1857 coeptis
1066 1771 1270 1841 insistebant

181 1867 410 1947 tremebundi,
430 1888 533 1953 porro
547 1868 646 1952 plebs
666 1870 768 1936 uvida
787 1871 960 1954 prmdictre
974 1872 1135 1939 vindictae
1159 1874 1270 1939 inhia·

180 1968 244 2033 hat
256 1967 435 2048 sitienter3
460 1976 497 2033 et
510 1969 547 2033 in
556 1970 706 2035 crastino
720 1977 801 2035 ante
816 1970 927 2036 lucem
944 1979 1110 2039 exeuntes
1125 1974 1169 2038 eb
1185 1974 1269 2038 urbe

179 2067 226 2132 nd
252 2066 377 2150 viginti
400 2068 508 2133 millia
537 2077 744 2135 armatorum
765 2089 884 2135 versus
910 2071 1125 2138 Meretonam
1142 2072 1271 2138 vexilla

179 2165 382 2232 direxerum
409 2175 445 2233 et
477 2186 585 2246 mma,
613 2176 654 2233 ut
686 2168 885 2235 mandatum
921 2172 1053 2254 regium
1085 2191 1269 2256 proseque-

180 2273 301 2331 rentur
330 2265 463 2332 effectu.
525 2266 591 2331 Sed
625 2266 706 2332 dum
739 2268 813 2333 haec
841 2270 974 2335 audiret
1003 2272 1270 2356 praenominatus

180 2364 377 2445 Hubertns,
399 2375 480 2432 ante
501 2366 613 2453 mejus
639 2367 748 2433 altare
769 2387 807 2432 se
827 2369 863 2433 in
884 2371 1096 2436 orationibus
1120 2378 1269 2455 proster-

181 2484 266 2529 nens
297 2485 422 2549 corpus
452 2485 553 2530 suum
588 2474 625 2533 et
652 2466 800 2533 enimam
833 2469 1043 2534 confidenter
1075 2470 1151 2536 Deo
1182 2490 1270 2537 com·

179 2564 369 2630 mondavit.
421 2564 563 2630 Interim
579 2565 658 2631 dum
674 2568 740 2631 iter
754 2577 897 2650 egerent
912 2569 1005 2634 cives
1028 2571 1163 2649 minati,
1183 2570 1270 2636 freu-

179 2663 303 2729 dentes
325 2663 362 2728 in
378 2662 587 2743 Hubertum,
606 2676 805 2749 suggestum
820 2667 885 2732 fuit
903 2668 976 2750 regi
999 2688 1020 2733 a
1044 2670 1168 2735 comite
1185 2669 1268 2736 Ces·

179 2762 303 2841 trensi,
333 2763 438 2848 quod,
467 2764 499 2829 si
532 2763 636 2829 telem
670 2765 838 2830 excitaret
868 2766 1068 2832 seditionem
1100 2769 1136 2832 in
1162 2769 1267 2851 vulgo

178 2862 374 2928 irrationali
394 2870 430 2929 et
446 2870 620 2947 protervo,
640 2871 757 2948 posset
773 2884 836 2930 rex
854 2864 985 2943 timere,
1002 2885 1045 2930 ne
1067 2867 1266 2932 seditionem

179 2962 288 3029 semel
313 2970 443 3028 motam
478 2962 598 3028 sedare
629 2983 697 3028 nou
721 2962 851 3029 valeret
875 2983 952 3029 cum
983 2964 1106 3045 vellet3
1139 2965 1268 3031 dicere·

178 3068 307 3145 turque
339 3081 402 3145 per
431 3069 543 3129 totum
575 3062 703 3141 orbem,
732 3064 903 3147 praecipue
928 3063 1018 3129 inter
1049 3064 1201 3130 Francos
1231 3075 1268 3130 et

179 3161 281 3238 alios,
314 3161 375 3245 qui
407 3161 449 3227 de
481 3162 617 3245 maguis
648 3161 781 3246 majora
809 3162 996 3245 loquuntur
1029 3171 1065 3229 et
1093 3163 1136 3229 de
1167 3164 1267 3229 malis

177 3261 313 3345 pejore,
334 3261 507 3327 invective
525 3268 560 3326 et
576 3281 638 3345 per
661 3260 814 3338 ironiam,
830 3261 942 3326 ‘Ecce
958 3263 1070 3345 qualis
1089 3272 1144 3329 est
1159 3262 1268 3328 elum-

180 3380 247 3424 nus
271 3359 414 3443 regulus
434 3359 586 3444 Angliae,
603 3361 663 3444 qui
688 3360 723 3424 in
747 3362 832 3439 suis,
847 3368 882 3426 et
906 3362 942 3425 in
957 3361 1011 3426 hie
1024 3363 1085 3447 qui
1106 3382 1183 3428 eum
1202 3363 1267 3428 sub

177 3460 244 3524 alis
259 3460 466 3538 nutrierunt,
483 3458 581 3525 novit
596 3459 783 3536 desevire!
826 3460 873 3526 Et
884 3459 1019 3527 dicatur
1034 3462 1077 3527 da
1094 3461 1266 3541 Huberto,

177 3559 272 3644 quod
288 3559 333 3624 de
349 3558 485 3625 avicula
500 3558 626 3624 dicitur
638 3558 797 3624 cuculum
810 3560 993 3639 nutriente,

421 3693 505 3776 iffi
519 3716 578 3775 ales
590 3716 651 3787 alis,
664 3717 751 3776 alium
763 3736 800 3776 ne
812 3718 923 3796 lougius
936 3717 1012 3777 alee'

179 3860 285 3927 Missi
309 3868 391 3928 sunt
407 3868 523 3926 eutem
547 3861 616 3925 duo
641 3861 759 3926 aeditui
784 3860 828 3925 ud
851 3860 1076 3926 revocandum
1104 3862 1267 3945 populum

176 3960 384 4045 praedictum
409 3960 613 4026 catervatim
637 3968 791 4025 ruentem
817 3967 853 4025 et
873 3961 1072 4042 sanguinem
1095 3960 1267 4024 effundere

175 4061 397 4126 innocentem
413 4060 569 4124 sitienter
592 4068 844 4144 praeperetum3
866 4078 1009 4142 quorum
1028 4077 1130 4136 nnus,
1148 4067 1268 4141 raptus

176 4179 269 4245 equo
285 4158 514 4238 velocissimo,
537 4159 654 4224 literas
674 4159 765 4242 regis
786 4158 952 4236 deferens,
975 4176 1092 4222 earum
1119 4157 1269 4223 anctori-

175 4267 251 4325 tate
274 4259 381 4324 etiam
406 4259 535 4344 primos
550 4259 744 4338 revocavit3
766 4258 855 4323 alter
876 4266 992 4323 autem
1014 4256 1113 4321 fictus
1129 4264 1165 4321 et
1180 4256 1270 4321 frau-

175 4359 356 4436 dulentus,
383 4357 444 4443 qui
468 4358 548 4423 odio
573 4356 701 4422 habens
726 4358 883 4422 comitem
910 4356 1043 4423 Cantiae
1073 4355 1269 4421 Hubertum

175 4459 293 4541 ipsum
321 4458 486 4523 trucidari
514 4456 635 4521 meluit
658 4476 761 4540 quem
786 4457 937 4535 liberari,
964 4456 1045 4521 licet
1067 4456 1187 4539 jussus
1212 4476 1270 4522 ac·

176 4557 344 4636 celerare,
374 4564 498 4642 sponte
527 4555 680 4634 tardans,
713 4575 774 4621 nec
802 4557 921 4639 attigit
948 4555 1134 4621 mediocres
1144 4576 1170 4700 3²
1180 4556 1270 4621 unde

1120 4664 1137 4699 l'
