3334 5734
401 718 466 784 154
770 734 970 785 moriones
992 733 1125 783 viam.

403 916 537 998 uados3
568 917 723 1001 exceptis
750 918 893 983 brennio
917 924 954 981 et
977 916 1111 982 dnobus
1135 915 1282 998 panibus
1305 914 1353 980 ad
1379 914 1489 980 surna-

402 1018 502 1094 rium‚
532 1023 568 1082 et
594 1024 742 1101 quatuor
769 1016 995 1082 servientibus
1024 1022 1174 1099 quatuor
1200 1015 1335 1094 obolos,
1362 1015 1490 1080 duobus

406 1116 624 1199 garcionibus
649 1136 755 1181 uuum
776 1116 1011 1201 quadrantem,
1033 1116 1122 1180 etin
1139 1114 1213 1179 sale
1234 1116 1388 1193 obolum,
1410 1117 1489 1181 etin

402 1223 502 1298 gesta
525 1215 675 1295 obolum,
703 1217 798 1281 etin
825 1215 970 1281 candela
992 1214 1229 1299 quadrantem,
1253 1223 1291 1280 et
1319 1216 1358 1279 in
1389 1215 1491 1281 busca

401 1322 473 1381 tres
494 1314 664 1392 denarios,
686 1322 722 1381 et
736 1316 773 1380 in
789 1315 952 1380 buletello
974 1314 1122 1383 obolum.
1174 1313 1322 1394 Quando
1344 1313 1489 1379 frumen-

402 1415 647 1481 tumvenditur
669 1434 731 1499 pro
755 1434 819 1480 sex
844 1415 974 1492 solidis,
999 1423 1082 1480 tunc
1101 1413 1303 1498 ponderabit
1324 1415 1427 1498 panis
1448 1415 1488 1479 de

403 1513 604 1598 quadrante,
633 1515 732 1579 albus
759 1523 795 1580 et
819 1515 906 1580 bene
932 1521 1063 1592 coctus,
1090 1514 1260 1579 sexdecim
1290 1513 1422 1579 solidos
1447 1513 1486 1579 de

403 1614 528 1696 viginti
556 1614 654 1695 lora;
681 1620 717 1679 et
743 1615 842 1698 panis
864 1614 908 1678 de
933 1620 1008 1679 toto
1036 1613 1136 1678 blado
1157 1614 1258 1679 debet
1283 1633 1362 1678 esse
1382 1615 1486 1679 bonus

403 1720 439 1778 et
469 1714 555 1779 bene
587 1722 718 1792 coctus,
749 1715 801 1779 ita
831 1713 923 1797 quod
956 1713 1041 1777 nihii
1070 1713 1303 1791 subtrabatur,
1339 1719 1378 1779 et
1405 1733 1487 1798 pon·

403 1811 536 1878 derabit
562 1812 687 1896 viginti
716 1822 864 1896 quatuor
896 1812 1036 1878 solidos.
1100 1811 1247 1892 Quando
1283 1813 1485 1879 frumentum

403 1912 563 1977 venditur
595 1933 659 1996 pro
693 1913 845 1997 quinque
877 1912 995 1978 solidis
1024 1919 1061 1978 et
1094 1931 1157 1978 sex
1191 1913 1352 1990 denariis,
1392 1913 1485 1978 albus

402 2013 503 2096 panis
526 2013 728 2095 ponderabit
739 2013 864 2096 viginti
888 2013 1029 2089 solidos,
1051 2020 1085 2078 et
1101 2012 1143 2077 de
1159 2020 1233 2079 toto
1248 2013 1352 2078 blado
1370 2013 1485 2095 viginti

403 2120 483 2178 octo
511 2112 651 2177 subdes.
702 2111 851 2192 Quando
883 2112 1090 2177 frumentum
1118 2112 1277 2177 venditur
1299 2132 1365 2197 pro
1391 2113 1484 2195 quin·

403 2231 469 2295 que
507 2211 637 2290 solidis,
671 2212 770 2276 albus
808 2212 908 2295 panis
944 2211 1146 2294 ponderabit
1180 2212 1305 2295 viginti
1342 2222 1484 2296 quatuor

402 2312 541 2389 solidos,
570 2320 605 2376 et
627 2311 724 2395 panis
750 2313 793 2377 de
820 2319 894 2377 toto
918 2311 1021 2377 blado
1052 2311 1196 2393 triginta
1230 2311 1318 2376 duos
1351 2312 1481 2377 solidos

404 2410 552 2491 Quando
572 2411 779 2476 frumentum
796 2410 956 2477 venditur
974 2431 1038 2494 pro
1060 2419 1207 2495 quatuor
1224 2411 1344 2476 solidis
1370 2420 1405 2475 et
1425 2430 1481 2476 sex

402 2510 562 2588 denariis,
583 2510 683 2576 albus
709 2511 809 2595 panis
838 2510 1041 2595 ponderabit
1066 2511 1210 2593 triginta
1237 2510 1325 2575 duos
1350 2510 1482 2588 solidos,

402 2610 445 2675 de
465 2618 540 2675 toto
561 2610 663 2675 blado
689 2611 919 2695 quadraginta
944 2610 1030 2675 duos
1054 2609 1193 2676 solidos.
1244 2609 1394 2690 Quando
1421 2610 1482 2674 fro

402 2717 553 2776 mentum
575 2711 735 2775 venditur
754 2731 818 2794 pro
836 2719 985 2793 quatuor
1006 2711 1136 2789 solidis,
1158 2711 1256 2775 albus
1280 2710 1383 2793 panis
1406 2730 1482 2794 pon·

402 2810 535 2877 derabit
556 2811 699 2893 triginta
721 2830 784 2875 sex
811 2810 951 2888 subdes,
973 2809 1016 2875 de
1041 2818 1116 2876 toto
1138 2810 1239 2875 blado
1261 2809 1482 2894 quadraginta

402 2931 466 2976 sex
498 2910 638 2976 solidos.
688 2909 836 2990 Quando
863 2911 1069 2975 frumentum
1101 2909 1260 2975 venditur
1288 2928 1351 2993 pro
1382 2910 1482 2973 tribus

402 3011 520 3077 solidis
553 3016 589 3076 et
619 3030 683 3076 sex
713 3010 873 3088 denariis,
906 3009 1006 3074 albus
1039 3009 1138 3094 panis
1173 3008 1377 3093 ponderabit
1406 3027 1481 3092 qua·

402 3109 565 3194 draginta
586 3109 673 3175 duos
696 3109 837 3187 solidos,
855 3109 897 3174 de
916 3115 990 3174 toto
1009 3108 1111 3175 blado
1134 3109 1387 3193 quinquaginta
1405 3127 1484 3191 qua·

403 3216 482 3274 tuor
512 3209 651 3274 solidos.
703 3208 851 3289 Quando
876 3209 1084 3274 frumentum
1109 3208 1268 3274 venditur
1290 3228 1353 3291 pro
1381 3209 1483 3273 tribus

401 3307 531 3387 solidis,
562 3308 661 3375 albus
691 3309 789 3391 panis
822 3307 1024 3392 ponderabit
1048 3307 1278 3391 quadraginta
1299 3316 1380 3373 octo
1408 3308 1483 3373 soli·

402 3406 476 3485 des,
493 3408 535 3473 de
554 3415 630 3473 toto
656 3407 759 3472 blado
778 3409 963 3491 sexaginta
982 3415 1130 3491 quatuor
1150 3407 1289 3473 solidos.
1342 3406 1483 3487 Quando

402 3505 608 3572 frumentum
631 3507 789 3572 venditur
808 3528 871 3592 pro
890 3508 1024 3573 duobus
1049 3507 1167 3572 solidis
1190 3514 1226 3572 et
1244 3527 1308 3571 sex
1329 3505 1483 3584 denariis,

401 3605 501 3671 albus
527 3606 627 3691 panis
654 3607 860 3691 ponderabit
890 3607 1144 3692 quinquaginta
1172 3614 1321 3691 quatuor
1350 3607 1483 3684 solidos,

400 3706 443 3770 de
460 3714 535 3772 toto
561 3705 663 3771 blado
686 3708 871 3789 sexaginta
896 3714 932 3771 et
954 3706 1130 3773 duodecim
1150 3706 1289 3772 solidos.
1342 3705 1483 3786 Quando

400 3806 606 3872 frumentum
636 3805 795 3871 venditur
821 3827 884 3890 pro
913 3806 1046 3871 dnobus
1082 3806 1211 3884 solidis,
1250 3806 1350 3871 albus
1390 3807 1483 3890 panis

399 3906 602 3991 ponderabit
634 3907 817 3989 sexaginta
847 3905 989 3984 solidos,
1019 3906 1061 3971 de
1096 3914 1171 3972 toto
1204 3905 1307 3971 blado
1341 3914 1484 3990 quatuor

399 4008 514 4072 libras.
578 4005 725 4086 Quando
760 4005 967 4072 frumentum
1004 4006 1163 4071 venditur
1199 4025 1263 4089 pro
1300 4005 1483 4070 octodecim

399 4107 561 4185 denariis,
589 4106 689 4170 albus
722 4107 821 4189 panis
848 4104 1051 4190 ponderabit
1081 4106 1264 4188 sexaginta
1293 4113 1330 4169 et
1353 4113 1484 4188 septen·

400 4205 506 4270 decim
538 4206 678 4283 solidos,
711 4205 754 4270 de
785 4214 859 4272 toto
890 4205 991 4270 blado
1027 4212 1175 4289 quatuor
1206 4205 1312 4270 libras
1344 4213 1378 4270 et
1409 4214 1483 4270 octo

398 4305 539 4371 solidos.
590 4305 637 4370 Et
665 4306 729 4371 boc
751 4326 813 4390 per
839 4313 950 4372 totum
977 4325 1120 4388 regnum
1147 4312 1201 4371 est
1229 4305 1482 4388 proclamatum.

399 4404 606 4471 -Omitted
624 4405 660 4471 in
674 4406 710 4471 0.
