3334 5734
382 751 446 817 172
746 766 945 815 nnorronus
968 767 1099 815 vauls.

382 958 417 1015 et
438 947 506 1014 alia
526 956 659 1014 secreta
677 948 845 1013 revelavit
861 948 926 1012 sibi
941 968 963 1012 a
979 948 1072 1014 dicto
1087 949 1266 1015 admiralio
1287 951 1411 1016 collata
1435 959 1480 1017 et

380 1049 485 1126 dicta,
498 1049 659 1113 audiente
671 1048 853 1124 Matthaeo,
867 1047 926 1131 qui
940 1055 976 1112 et
986 1047 1059 1112 haec
1075 1049 1213 1132 scripsit
1230 1058 1266 1115 et
1280 1053 1475 1116 enarravit.

489 1231 556 1295 lise
568 1228 724 1295 Jobooms
738 1230 851 1316 sopitat
863 1227 988 1314 sapite
1002 1249 1128 1315 repetam
1135 1230 1253 1315 pupuli
1265 1231 1377 1297 ditioni

431 1444 570 1510 Extuuc
591 1445 698 1526 igitur
720 1462 783 1508 rex
806 1442 984 1507 lohannes
1013 1452 1288 1527 praeconceptum
1313 1449 1479 1530 proposi-

382 1552 455 1608 tum
477 1563 589 1621 suum,
613 1562 635 1608 a
659 1561 728 1626 quo
752 1541 896 1607 credidit
923 1542 1064 1620 resilire,
1087 1551 1123 1608 et
1141 1563 1239 1608 suam
1262 1546 1369 1629 coepit
1390 1565 1477 1612 cou-

381 1644 543 1709 ditionem
563 1643 781 1719 deteriorare,
805 1648 841 1706 et
862 1641 1104 1706 deterioratam
1118 1643 1154 1706 iu
1171 1644 1354 1726 perniciem
1371 1648 1473 1728 regni

381 1743 553 1822 solidare3
585 1742 704 1807 oderat
732 1741 860 1824 quippe
891 1742 989 1824 qnasi
1022 1742 1116 1805 virus
1144 1742 1319 1826 vipereum
1351 1764 1472 1810 omues

380 1843 478 1925 regni
502 1860 698 1923 generosos,
721 1842 893 1922 praecipue
915 1847 1030 1904 tamen
1062 1840 1203 1905 Sacrum
1235 1842 1278 1907 de
1310 1842 1471 1928 Queucy,

382 1941 571 2007 Robertnm
591 1939 696 2004 tilium
710 1939 870 2017 Walteri,
891 1947 927 2004 et
946 1938 1228 2004 cantuariensem
1244 1942 1473 2026 archiepisco-

381 2060 461 2124 pum
476 2040 698 2123 Stephanum.
744 2038 903 2103 Noverat
918 2046 1044 2116 autem,
1061 2047 1096 2103 et
1111 2039 1291 2123 multiplici
1304 2041 1472 2109 didicerat

381 2141 606 2224 experientia,
616 2137 707 2222 quod
724 2157 816 2222 papa
831 2157 935 2220 super
952 2157 1069 2202 omnes
1088 2139 1249 2203 mortales
1265 2141 1471 2208 ambitiosus

380 2248 456 2305 erat
479 2248 514 2304 et
539 2239 717 2321 superbus,
742 2237 965 2321 pecuniaque
991 2237 1106 2302 sititor
1131 2239 1336 2304 insatiabilis
1361 2248 1397 2306 et
1424 2243 1470 2306 ad

381 2336 496 2404 omnia
523 2338 653 2402 scelera
677 2355 740 2419 pro
766 2337 917 2421 praemiis
938 2336 1029 2401 datis
1052 2337 1107 2402 vel
1133 2338 1312 2420 promissis
1333 2360 1470 2405 cereum

381 2446 417 2503 et
430 2437 632 2522 proclivum.
683 2435 803 2500 Missis
822 2436 930 2518 igitur
944 2435 1008 2500 sub
1028 2436 1122 2500 omni
1145 2435 1366 2504 festinatione
1381 2459 1472 2504 nuu-

381 2539 450 2616 tiis,
476 2555 636 2618 magnam
665 2535 816 2600 thesauri
840 2555 1007 2599 summam
1030 2535 1096 2618 ipsi
1120 2537 1312 2602 transmisit
1332 2545 1369 2603 et
1388 2560 1472 2623 pro·

382 2638 475 2701 misit
490 2636 702 2720 ampliorem,
719 2634 971 2718 spoponditque
992 2653 1093 2699 sunm
1118 2654 1155 2700 se
1180 2654 1256 2700 esse
1278 2645 1315 2701 et
1334 2657 1473 2721 semper

380 2735 453 2801 sore
467 2736 658 2820 subjectum
675 2728 907 2799 ¹tributarium
922 2752 965 2798 ea
979 2734 1184 2812 conditione,
1201 2742 1241 2800 nt
1260 2744 1366 2801 nacta
1387 2739 1470 2803 sub-

379 2836 485 2901 tiliter
505 2835 683 2901 occasione
702 2832 985 2898 Cantharisusern
1007 2833 1298 2917 archiepiscopum
1325 2836 1470 2902 confuu-

379 2936 459 3001 dere
486 2936 663 3011 niteretur,
689 2940 725 2998 et
746 2933 892 2998 barones
916 2930 1067 3014 Angliae,
1091 2951 1178 3016 quos
1200 2934 1295 3016 prius
1321 2935 1467 3015 foverat,

379 3036 710 3111 excommunicaret3
733 3038 769 3096 et
791 3030 856 3095 hoc
880 3032 1037 3096 sitienter
1057 3030 1284 3111 desiderabat,
1300 3043 1341 3098 ut
1355 3037 1391 3100 in
1406 3056 1468 3100 ex·

378 3134 644 3199 communicatos
675 3130 938 3208 exhaeredando,
968 3131 1225 3210 incarcerando,
1253 3140 1289 3198 et
1312 3135 1469 3200 necando

378 3242 496 3317 posset
524 3232 715 3314 malignari.
783 3229 872 3309 Quae
906 3229 1013 3311 igitur
1042 3231 1199 3312 nequiter
1229 3232 1469 3312 subaraverat,

378 3334 533 3417 nequius,
551 3338 589 3396 ut
603 3332 638 3396 iu
652 3330 874 3414 sequentibus
890 3329 1034 3407 dicetur,
1049 3329 1221 3395 solidavit.

617 3510 1222 3595 nasorasnafiemaomoom.

428 3626 560 3693 Diebus
585 3648 722 3711 quoque
749 3628 814 3692 snb
838 3626 964 3691 eisdem
989 3625 1074 3690 adeo
1097 3626 1288 3710 desipiebat
1315 3648 1378 3692 rex
1400 3629 1467 3693 Jo-

378 3729 520 3805 hannes,
540 3736 580 3792 nt
600 3728 642 3791 de
664 3735 874 3792 mortuorum
896 3724 1143 3791 resurrectione
1166 3726 1297 3805 futura,
1324 3734 1359 3792 et
1385 3727 1464 3793 aliis

378 3828 479 3893 fidem
492 3827 721 3893 Christianam
738 3826 1028 3907 contingentibus,
1041 3825 1131 3890 male
1144 3826 1287 3892 sentiret
1298 3847 1309 3906 ς
1326 3834 1362 3892 et
1371 3847 1465 3910 quae·

379 3929 458 3992 dam
488 3926 709 3992 irrecitabilia
743 3925 872 3990 diceret
907 3925 1141 4002 deliramenta,
1176 3944 1323 4007 quorum
1358 3947 1464 3991 unum

378 4028 538 4092 duximus
551 4025 818 4092 memorandum.
870 4023 1026 4106 Contigit
1042 4031 1083 4089 ut
1096 4032 1223 4089 venatu
1240 4032 1345 4108 capto
1364 4046 1465 4092 cervo

378 4127 527 4211 quodam
556 4125 792 4210 pinguissimo,
824 4125 861 4189 in
883 4123 1067 4207 praesentia
1089 4124 1180 4205 regis
1204 4142 1283 4188 cum
1312 4127 1467 4190 excoria·

379 4233 485 4303 retur,
507 4246 568 4290 rex
590 4227 704 4291 ridens
725 4232 761 4289 st
777 4224 933 4289 deridens
955 4222 1095 4301 diceret,
1108 4228 1119 4257 ‘
1132 4222 1163 4286 0
1178 4241 1283 4305 quam
1304 4243 1466 4308 prospere

378 4326 466 4390 vixit
480 4327 559 4403 iste,
573 4343 747 4409 nunquam
763 4331 878 4388 mman
895 4323 1033 4387 missam
1049 4321 1180 4387 audivit
1193 4317 1211 4386 !’

519 4548 722 4614 ¹vitatorium]
738 4549 909 4600 ‘tributarium
918 4552 944 4599 et
954 4548 1076 4598 mallum
1088 4547 1274 4611 voluntarium
1293 4548 1324 4597 c.
