3334 5734
566 773 763 823 uuerronus
785 773 919 823 vtum.
1221 753 1286 821 106

195 890 253 928 m.
265 891 316 931 ΠΙ.

219 948 251 1031 7,
267 956 319 1033 25,
334 956 445 1022 melo
591 960 724 1026 occulte
755 959 862 1044 aliqui
885 944 919 1024 'J
923 957 1109 1036 udaeorum,
1138 974 1283 1041 quorum

612 1061 787 1144 proprium
816 1066 870 1125 est
891 1058 1063 1142 prohibitu
1087 1062 1284 1141 perpetrare

613 1167 717 1244 atque
729 1160 853 1238 iecere,
867 1159 950 1224 illuc
963 1157 1155 1222 infeliciter.

219 1314 246 1326 -
267 1277 464 1443 mm
479 1300 545 1344 oee-
590 1283 725 1366 regoles
738 1285 875 1367 egregio
890 1282 1081 1348 boculatos.

403 1379 410 1393 .
492 1382 546 1464 as·

217 1884 244 1898 -
288 1848 318 1924 6,
333 1847 463 1914 diversio
485 1898 517 1915 ..
534 1900 543 1917 .
591 1851 775 1917 tutioribus
789 1852 977 1920 latitantes.

345 1948 545 2018 redditionem

216 2108 244 2122 -
286 2074 317 2147 8,
335 2071 478 2138 ioeloeto
590 2072 735 2158 antiqui.

217 2232 245 2246 -
286 2196 544 2271 9,oom...ooo-
591 2203 627 2260 ot
660 2196 771 2263 fectus
804 2208 858 2265 est
888 2200 1021 2266 Judaeis
1053 2220 1163 2266 onnus
1201 2220 1282 2267 oon·

336 2295 477 2379 sotionis
610 2295 763 2363 susionis.

217 2455 245 2468 -
267 2419 320 2493 13,
335 2420 480 2504 qondam
591 2424 663 2484 tres
683 2422 871 2505 culpabiles
894 2431 930 2488 et
948 2424 1034 2490 alies
1055 2424 1283 2508 proterviores

343 2520 487 2605 responde·
612 2517 695 2585 fecit
709 2522 949 2606 comprehendi
963 2532 998 2589 et
1012 2524 1182 2609 suspendi.

216 2677 244 2691 -
265 2641 318 2717 24,
334 2640 515 2708 Riolardor
588 2643 675 2713 dam.

216 2802 244 2816 -
265 2759 319 2839 2⁷,
333 2784 388 2828 ee.
403 2811 432 2828 ..
443 2765 543 2849 sorio-
590 2769 639 2832 eis
656 2769 879 2839 forisfaceret.

334 2864 444 2948 societ

216 3023 243 3037 -
265 2988 316 3064 28,
333 2987 470 3053 civitatee
591 2991 683 3057 addit
698 2993 822 3075 Poris,
839 2997 964 3064 Omnia
977 3019 1060 3066 vere
1081 3005 1282 3070 commercio

612 3111 725 3157 rernm
744 3097 917 3162 venalium
933 3119 995 3183 per
1010 3107 1120 3168 totum
1139 3124 1281 3188 regnum

613 3194 803 3260 constitute
837 3205 918 3263 sunt
947 3198 1104 3282 legaliter
1136 3213 1172 3271 et
1198 3205 1283 3271 irre·

612 3290 827 3374 lragebiliter
840 3298 942 3363 unius
956 3300 1116 3382 ponderis
1137 3312 1173 3370 et
1187 3323 1282 3370 men·
1335 3387 1339 3395 ι

610 3408 711 3458 surae.

215 3548 244 3562 -
264 3512 318 3588 30,
332 3510 398 3575 Bes
411 3512 544 3577 Biclar-
592 3513 798 3598 Magnificus
822 3528 936 3587 autem
956 3544 1019 3590 rex
1037 3525 1231 3595 Richardus
1247 3540 1283 3598 et

344 3610 543 3678 driu...ooo-
611 3615 791 3682 munificus
801 3622 977 3689 monachis
987 3625 1281 3711 cisterciensibus,

335 3711 481 3790 fimnooit
613 3714 657 3778 od
678 3717 863 3800 capitulum
887 3726 1046 3806 generale
1071 3727 1113 3792 de
1138 3729 1281 3797 divorsis

614 3814 714 3880 terris
739 3825 774 3882 et
793 3817 989 3908 longinquis
1011 3827 1227 3894 venientibus
1246 3839 1282 3896 et

613 3918 904 4001 convenientibus,
922 3931 1058 3990 centum
1074 3947 1207 3995 meroes
1228 3948 1281 3994 ur·

612 4015 706 4096 genti
736 4022 910 4085 annuatim
937 4026 1170 4108 percipiendus
1199 4049 1282 4095 oon·

612 4113 714 4195 tulit;
739 4118 831 4200 quod
861 4129 897 4186 et
921 4121 1040 4188 charte
1066 4145 1130 4190 suo
1153 4128 1281 4193 eisdem

611 4213 837 4297 confirmavit,
848 4220 955 4287 etheo
970 4223 1013 4288 de
1025 4223 1281 4312 ecclesiequem

611 4310 739 4379 habent
753 4317 789 4381 in
803 4317 1050 4407 Scordoburge.

215 4431 249 4509 9,
287 4432 321 4509 4,
339 4431 545 4519 episopum
588 4433 681 4500 addit
700 4435 825 4519 Paris,
852 4450 888 4509 et
912 4445 1056 4514 oliorum
1081 4460 1282 4536 magnatum

611 4554 762 4603 suorum.
