3334 5734
397 670 463 735 116
763 680 963 732 nncnrorrns
987 678 1116 728 viarm.

399 812 457 850 PAO.
496 810 547 847 un.

401 877 453 951 55,
491 868 543 948 17,
558 870 715 937 collocavit
796 856 1243 943 cdditParis.,Circa¹idem
1253 861 1486 945 tempusveuit

819 967 891 1031 dux
907 965 1071 1042 Austriae,
1079 972 1130 1041 ut,
1141 965 1176 1028 in
1185 961 1297 1026 Terra
1304 968 1428 1025 sancta
1436 980 1485 1024 ro

819 1074 975 1131 tumsuee
984 1062 1269 1149 peregrinationis
1277 1059 1485 1145 perficiendo,

820 1167 856 1232 in
872 1166 1025 1231 exercitu
1042 1163 1238 1229 Christiano
1256 1162 1336 1227 Deo
1353 1159 1488 1224 fideliter

821 1265 984 1331 militaret
1004 1271 1040 1328 et
1055 1262 1247 1328 Salvatoris
1264 1260 1420 1342 vestigio
1434 1260 1489 1323 riri·

823 1366 899 1430 dem
911 1362 1081 1429 adoraret.
1115 1360 1272 1443 Cumque
1288 1359 1488 1444 praeviiejus

823 1463 1015 1530 marescalli
1040 1462 1106 1527 sibi
1131 1461 1319 1544 hospitium
1344 1461 1488 1542 accepis

824 1571 903 1630 sent
916 1572 952 1628 et
966 1562 1158 1628 necessarie
1172 1565 1426 1644 praeparerent
1441 1577 1491 1620 sn·

825 1659 1390 1747 pervenitpraecipitanterquidam
1404 1657 1490 1722 miles

826 1764 869 1828 de
889 1761 1019 1828 familia
1046 1760 1137 1843 regis
1165 1758 1333 1824 Richardi
1358 1758 1491 1822 natione

828 1863 991 1937 Neuster‚
1010 1869 1045 1926 et
1060 1879 1155 1925 mone
1179 1877 1251 1922 suae
1270 1859 1389 1941 gentis
1406 1856 1492 1921 ebul·

827 1962 914 2026 lions
925 1960 1073 2027 stultitia
1089 1979 1166 2024 oum
1178 1958 1352 2044 jactantia
1366 1976 1494 2022 assere·

828 2063 890 2126 bat
921 2081 959 2126 se
983 2059 1095 2145 majus
1117 2059 1177 2143 jus
1201 2059 1237 2122 in
1259 2057 1320 2122 illo
1348 2057 1493 2141 hospitio

829 2160 954 2225 habere
986 2179 1089 2243 quam
1125 2157 1248 2240 aliquis
1286 2157 1390 2235 alins,
1421 2176 1495 2221 cum

830 2261 931 2344 prius
951 2259 1034 2324 illue
1061 2258 1246 2323 adveniens
1268 2258 1335 2323 sibi
1360 2258 1497 2341 suisque

829 2359 933 2425 sociis
952 2358 1037 2423 illud
1059 2358 1281 2441 assignasset.
1334 2357 1500 2441 Multipli-

830 2459 918 2524 catis
933 2458 1092 2524 convitiis
1113 2458 1293 2541 utrobique
1312 2458 1500 2523 clamored

831 2578 932 2624 aures
955 2559 1047 2641 regis
1071 2559 1236 2642 pervenit.
1288 2556 1369 2622 Rex
1387 2566 1499 2624 autem

832 2659 933 2722 nimis
956 2676 1070 2723 causae
1090 2656 1282 2723 Normanni
1302 2657 1500 2723 favorabilis

837 2765 872 2822 et
886 2757 1044 2822 credulus
1061 2758 1197 2821 inirem
1218 2758 1406 2823 excanduit
1421 2778 1501 2823 eon·

833 2864 890 2922 tra
904 2857 1068 2921 familiam
1083 2856 1192 2933 ducis,
1216 2850 1338 2948 eti-non
1360 2878 1503 2942 perpen-

834 2957 919 3021 dens
941 2955 1087 3021 civiliter
1109 2956 1325 3021 moderamen
1349 2957 1503 3024 Domini·

836 3076 925 3133 cum,
942 3055 1083 3132 scilieet,
1100 3062 1109 3090 ‘
1125 3055 1340 3120 Descendam
1364 3069 1399 3123 et
1415 3058 1505 3123 vide-

732 3146 736 3151 *
836 3155 903 3233 bo,'
923 3155 1087 3238 praeoepit
1108 3157 1375 3239 praecipitanter,
1400 3167 1437 3222 et
1455 3179 1505 3222 se·

837 3275 898 3320 cua
911 3273 1013 3337 quum
1027 3254 1174 3332 deceret,
1185 3264 1223 3320 ut
1236 3257 1402 3320 vexillum
1415 3258 1508 3324 ducis

838 3355 873 3419 in
885 3352 1003 3418 eodem
1017 3352 1166 3437 hospitio
1181 3357 1356 3437 prosigue
1367 3355 1506 3423 affixum

838 3456 873 3518 in
891 3453 1043 3518 cloacam
1056 3452 1266 3538 dejiceretur.
1319 3455 1424 3535 Quod
1441 3459 1510 3523 fae·

840 3560 912 3617 tum
936 3571 1013 3616 cum
1037 3552 1110 3616 dux
1131 3553 1279 3637 hospitio
1303 3557 1459 3638 privatus
1476 3568 1511 3624 et

841 3652 987 3736 turpiter
1008 3670 1030 3716 a
1052 3651 1087 3717 N
1089 3655 1261 3718 ermannis
1277 3651 1443 3736 'garrulis
1464 3659 1510 3723 lu·

841 3753 985 3816 cessitas
996 3754 1212 3834 cognovisset
1223 3774 1337 3835 regem
1349 3758 1510 3838 querulus

840 3851 937 3926 adiit,
955 3851 1015 3915 sed
1031 3852 1116 3916 nihil
1138 3853 1203 3917 nisi
1217 3872 1342 3918 sanum
1360 3868 1513 3939 reporta·

841 3950 904 4014 vit.
958 3951 1057 4016 Unde
1077 3951 1150 4015 dux
1171 3972 1193 4016 a
1213 3973 1294 4036 rege
1314 3963 1452 4037 spretus
1469 3956 1513 4020 ad

460 4167 555 4218 ¹Circc
565 4167 649 4232 idern]
670 4166 849 4229 ipsisquoqne
863 4167 953 4218 diebus
1012 4164 1151 4219 ’Gemite
1175 4171 1299 4221 munitur
1325 4174 1508 4240 cognorint]

408 4252 482 4288 ·cum
492 4239 525 4287 lis
538 4239 643 4287 oriretur
653 4236 686 4286 de
696 4237 811 4298 hospitiis
822 4238 952 4298 capiendis
978 4238 1030 4289 Qui
1051 4237 1083 4287 de
1108 4254 1176 4289 more
1198 4242 1296 4291 verbosi
1318 4244 1396 4293 verbu
1419 4245 1533 4295 incom-

408 4310 489 4359 .inter
500 4308 607 4369 praevios
617 4306 875 4357 maresohallosdncie
885 4307 953 4357 Aus-
976 4309 1059 4369 posita
1079 4313 1105 4357 et
1127 4310 1268 4371 ampullosa
1289 4313 1423 4375 ebulliunt,
1443 4314 1510 4364 didi·

424 4378 480 4427 triae
492 4381 518 4426 et
527 4378 677 4440 armigerum
683 4377 816 4440 enjusdam
826 4378 913 4427 militia
920 4378 952 4428 de
976 4380 1069 4445 cisset3
1088 4380 1130 4429 Ce.
1140 4384 1165 4428 et
1177 4380 1211 4429 11.

426 4447 589 4509 Normannia,
599 4452 624 4496 et
634 4447 743 4509 elumen
762 4448 805 4497 Ge.
812 4451 837 4497 et
848 4448 882 4499 R.
