3334 5734
385 758 452 826 298
752 775 950 825 usorrouns
972 774 1105 825 vaura.

385 958 509 1025 oillari.
560 955 684 1039 Luget,
700 958 782 1041 quia
797 959 858 1024 ubi
876 977 996 1042 pacem
1013 956 1195 1023 multitudo
1217 957 1367 1024 caelestis
1390 960 1475 1025 mili·

385 1059 444 1123 tiae
469 1057 603 1136 cecinit,
628 1057 676 1121 ibi
699 1077 860 1140 pressura
890 1058 1003 1140 gentis
1031 1057 1309 1123 immundissimos
1336 1061 1477 1126 scanda-

385 1157 496 1223 lorum
528 1157 696 1241 spurcitie
720 1158 967 1223 abominabiles
982 1193 985 1204 ·
1000 1158 1191 1222 simultates
1222 1166 1258 1223 et
1290 1158 1477 1226 schismata

386 1258 578 1335 suscitavit,
595 1276 637 1322 ac
659 1258 827 1323 innovans
853 1258 997 1323 exordia
1021 1258 1215 1340 praeliorum
1238 1258 1332 1323 misit
1348 1261 1393 1323 ad
1417 1260 1476 1325 de·

385 1356 579 1422 siderabilia
595 1376 733 1421 manum
750 1378 847 1423 suam
863 1364 900 1423 et
914 1377 1088 1422 sacrorum
1104 1358 1260 1422 ordinum
1277 1359 1354 1441 pias
1371 1359 1476 1442 leges,

385 1465 420 1522 et
432 1457 541 1540 ipsius
557 1464 690 1522 naturas
702 1458 784 1543 jura
800 1458 959 1540 relegans
979 1477 1001 1522 a
1017 1457 1144 1541 templo
1161 1457 1312 1536 Domini,
1330 1459 1475 1525 diversis

384 1557 507 1622 ibidem
530 1557 704 1640 spurcitiis
725 1558 983 1623 detestabilibus
1005 1565 1039 1623 et
1062 1558 1295 1640 ignominiosis
1312 1560 1408 1623 vitiis
1425 1560 1475 1624 in-

385 1656 564 1735 troductis,
595 1658 742 1740 turpiter
774 1658 810 1722 in
844 1677 907 1722 suo
935 1665 1084 1722 stercore
1113 1659 1369 1740 computrescit.
1429 1660 1475 1725 Et

385 1756 461 1821 ideo
477 1755 708 1835 Hierusalem,
723 1758 758 1821 in
768 1757 840 1821 suis
855 1758 968 1823 derisa
985 1756 1172 1833 sabbathis,
1183 1758 1361 1822 obsorduit
1376 1760 1475 1842 quasi

385 1857 519 1941 polluta
531 1856 715 1921 menstruis
732 1876 813 1922 suos
829 1857 919 1922 inter
933 1857 1096 1922 inimicos.
1143 1856 1236 1921 Nam
1251 1856 1333 1923 licet
1347 1857 1475 1923 dudum

384 1955 561 2021 causamn
585 1957 621 2020 in
640 1955 778 2022 Christo
802 1957 873 2021 filio
895 1965 1013 2022 nostro
1030 1956 1223 2034 Frederico,
1239 1956 1474 2023 Romanorum

383 2056 580 2140 imperatori
608 2075 742 2139 semper
769 2064 930 2140 augusto,
956 2056 1173 2121 Hierusalem
1196 2064 1231 2121 et
1249 2056 1377 2122 Siciliae
1401 2059 1474 2139 regi

382 2156 520 2233 illustri,
545 2156 667 2221 civitas
689 2157 820 2235 eadem,
847 2164 973 2239 praeter
1002 2155 1166 2238 templum
1196 2156 1348 2235 Domini,
1372 2157 1474 2223 fuerit

383 2257 567 2336 restituta3
592 2262 718 2334 umen,
742 2257 824 2340 qnia
845 2256 941 2321 Dens
966 2256 1182 2339 omnipotens
1209 2265 1293 2321 tnnc
1316 2258 1471 2339 magnili-

383 2356 517 2419 centius
541 2374 644 2438 agere
671 2374 748 2419 cnm
771 2356 900 2440 populo
924 2374 988 2420 suo
1014 2355 1210 2420 Christiano
1238 2376 1307 2422 non
1335 2356 1471 2442 adjecit,

382 2454 568 2538 imperator
581 2454 765 2538 praedictus
779 2463 920 2536 treugas
940 2455 1017 2519 iniit
1042 2474 1121 2519 cum
1146 2454 1308 2534 Soldano,
1328 2475 1471 2540 quarum

384 2553 549 2618 terminus
576 2552 663 2618 adeo
683 2560 738 2619 cst
765 2554 910 2632 vicinus,
933 2554 1025 2638 qnod
1052 2562 1187 2637 tempus
1211 2556 1360 2620 medium
1387 2576 1472 2639 prae-

384 2654 556 2739 parationi
579 2654 639 2717 vix
669 2652 822 2719 sufficere
847 2654 1008 2733 creditur,
1032 2653 1097 2718 nisi
1122 2655 1165 2719 ad
1189 2675 1335 2739 quaeque
1358 2676 1470 2721 ueces-

384 2755 477 2819 saria
490 2773 552 2838 per
572 2753 886 2838 promptitudinem,
910 2773 1018 2837 spem,
1041 2762 1076 2818 et
1091 2754 1259 2820 servorem
1280 2755 1358 2820 fidei
1377 2756 1469 2820 sesti-

385 2861 496 2919 uetur.
546 2852 602 2918 Ad
628 2853 703 2937 ejus
737 2873 819 2936 ergo
850 2872 1047 2918 succursum
1072 2854 1201 2918 nullum
1227 2855 1353 2920 taedeat
1376 2876 1469 2940 pere·

386 2953 515 3037 grinari
546 2961 581 3019 et
614 2972 676 3035 pro
708 2954 822 3036 patria
850 2961 982 3018 certare
1014 2971 1091 3017 cum
1122 2973 1183 3036 spe
1215 2955 1380 3033 victoriae,
1410 2975 1470 3038 pro

385 3072 511 3118 corona
527 3053 626 3131 mori,
642 3071 705 3137 pro
722 3053 806 3131 vita,
822 3072 885 3136 pro
909 3052 977 3117 Illo
998 3053 1166 3118 sustinere
1185 3053 1272 3119 dura
1293 3063 1329 3120 ot
1346 3056 1469 3134 tristia,

384 3154 456 3237 qui,
470 3153 667 3218 confusione
682 3161 859 3236 conceptu,
876 3160 979 3235 sputo
993 3172 1209 3235 conspersus,
1225 3173 1335 3218 caesns
1351 3155 1467 3238 alapis,

385 3252 531 3336 flagellis
557 3252 715 3330 afflictus,
743 3261 928 3317 coronatus
953 3253 1072 3335 spinis,
1094 3272 1208 3318 coram
1238 3253 1356 3319 Pilato
1383 3256 1469 3334 sisti,

382 3360 546 3436 tanquam
562 3352 743 3417 multorum
761 3352 940 3418 criminum
959 3370 1050 3430 reus,
1072 3353 1225 3435 pertulit.
1276 3352 1469 3418 Crucifixus

385 3453 428 3518 ad
441 3453 598 3516 ultimum
622 3458 657 3516 et
679 3459 819 3535 potatus
838 3452 929 3530 felle,
951 3451 1070 3516 lancea
1089 3452 1295 3536 perforatus,
1312 3455 1469 3519 emittens

383 3572 460 3616 cnm
489 3551 636 3615 clamore
660 3550 775 3615 valido
802 3553 972 3636 spiritum,
997 3571 1060 3636 pro
1086 3552 1289 3617 conditionis
1313 3553 1470 3619 humanm

383 3652 512 3717 viribus
528 3650 737 3735 reparandis,
763 3670 899 3716 cursum
919 3651 1098 3736 praesentis
1118 3653 1200 3717 vitae
1219 3661 1396 3718 saturatus
1417 3654 1470 3717 iu·

379 3751 483 3838 juriis
497 3751 756 3815 consummavit.
810 3751 882 3816 Hic
905 3759 969 3828 est,
995 3760 1035 3816 ut
1056 3761 1251 3834 repetamus
1273 3752 1390 3830 altius,
1411 3753 1470 3838 qui

384 3852 426 3917 de
451 3857 595 3936 paterno
620 3848 706 3915 solio
726 3849 859 3934 glorias,
883 3845 976 3915 calis
998 3850 1199 3916 mirabiliter
1222 3852 1409 3930 inclinatis,
1427 3853 1469 3917 ad

382 3958 510 4017 nostrae
525 3950 744 4016 mortalitatis
759 3951 828 4016 ima
851 3949 1069 4028 descendens,
1090 3970 1160 4016 non
1179 3950 1385 4033 dedignatus
1406 3961 1470 4032 est,

329 4110 333 4120 ,
383 4053 479 4118 Deus
496 4059 531 4115 et
548 4051 661 4129 homo,
677 4049 822 4116 Creator
834 4049 907 4114 fieri
924 4058 1093 4129 creatura,
1110 4051 1283 4135 suscipere
1300 4052 1470 4117 Dominus

382 4152 525 4217 formam
543 4151 652 4231 servi3
678 4159 729 4229 ut,
743 4151 803 4235 qni
825 4169 894 4215 non
915 4157 1112 4234 poteramus
1126 4171 1188 4235 per
1203 4158 1356 4216 nostram
1368 4152 1471 4236 justi·

379 4252 465 4318 tiam
488 4269 625 4334 sperare
645 4251 792 4330 veniam,
806 4250 981 4314 consecuti
995 4269 1058 4334 per
1073 4251 1147 4315 hace
1162 4252 1309 4334 gratiam
1336 4252 1470 4317 inaudi-

383 4359 467 4430 tam,
491 4349 644 4415 haerodes
675 4349 755 4429 Dei,
780 4348 973 4415 cohaeredes
1003 4370 1085 4416 vero
1112 4349 1252 4429 Christi,
1277 4351 1469 4418 divinitatis

382 4451 602 4529 consortium,
635 4450 808 4516 felicitatis
837 4457 974 4515 aeternae
1009 4451 1227 4535 participium
1258 4451 1469 4517 sortiremur.

382 4550 427 4616 Et
450 4552 529 4617 licet
556 4570 618 4635 per
644 4551 792 4634 gratiam
817 4549 973 4634 adoptati
1002 4551 1156 4634 quotidie
1178 4570 1302 4617 causas
1328 4551 1469 4636 ingrati·
