3334 5734
562 784 762 833 onorrorrrs
785 784 917 835 venis.
1248 770 1292 839 ὦ

196 966 344 1032 titudine
366 973 402 1031 et
416 965 607 1031 humilitate
624 965 754 1032 Christi
775 968 932 1034 sublatus
953 976 1018 1046 est,
1041 970 1187 1053 fusoque
1209 988 1290 1037 san·

196 1068 302 1148 guine
335 1067 409 1131 siue
437 1066 550 1150 culpa,
580 1067 730 1131 omnium
764 1067 877 1150 cnlpae
912 1087 935 1132 a
961 1069 1138 1135 servitutis
1168 1070 1290 1154 chyro—

196 1165 330 1249 grapho
344 1165 570 1233 suntdeletae.
620 1166 740 1233 Alium
755 1167 922 1250 siquidem
945 1168 1189 1253 redemptionis
1213 1191 1286 1235 mo·

194 1265 276 1329 dum
295 1273 431 1350 poterat
448 1266 617 1330 Dominus
638 1282 850 1349 procurasse,
873 1267 933 1332 sed
959 1268 1073 1333 nullus
1100 1289 1172 1335 suae
1190 1269 1289 1334 boni-

195 1366 261 1429 tati
290 1372 487 1449 nostraeque
520 1365 625 1430 saluti
657 1367 902 1447 congruentior
937 1370 1148 1434 occurrebat.
1199 1369 1287 1434 (lum

194 1464 285 1529 enim
302 1463 404 1530 homo
414 1465 520 1550 juxta
539 1480 612 1530 suae
632 1466 924 1548 praevaricationis
941 1468 1149 1551 exigentiam
1164 1476 1287 1552 captus

196 1583 218 1628 a
234 1564 372 1629 diabolo
390 1571 574 1641 teneretur,
592 1565 791 1648 postulabet
805 1565 999 1650 justitient
1014 1584 1084 1633 non
1100 1569 1288 1652 eriperetur

195 1683 256 1747 per
268 1663 475 1729 uiolentiam.
514 1663 580 1729 Sed
595 1665 677 1747 quie
689 1682 751 1748 per
762 1666 956 1748 superbiam
969 1666 1090 1751 lapsus
1103 1675 1168 1746 est,
1182 1670 1285 1733 suasi

194 1770 323 1845 posset,
331 1763 392 1828 sed
409 1765 492 1847 quia
504 1780 569 1828 sua
579 1783 648 1828 non
664 1772 812 1847 poterat,
824 1765 938 1830 aliena
951 1766 1074 1832 saltem
1092 1767 1285 1833 hnmilitate

193 1870 398 1945 resurgeret.
443 1862 518 1928 lta
547 1862 705 1928 Christus
733 1865 907 1943 innocens,
936 1884 1037 1949 quem
1064 1884 1175 1950 agnus
1204 1886 1285 1952 pas·

193 1960 303 2027 chelis
318 1963 353 2027 in
374 1962 451 2046 lege
465 1963 731 2045 significaverat,
750 1983 788 2029 se
804 1980 867 2048 pro
883 1965 981 2030 nobis
996 1965 1144 2032 hostiam
1158 1967 1284 2032 obtulit

191 2061 390 2126 salutarem.
441 2062 597 2146 Cumque
617 2063 675 2127 lex
696 2060 830 2147 Moysis
854 2083 992 2147 capram
1008 2066 1184 2131 relevem
1203 2085 1284 2131 con·

193 2161 364 2227 stitnisset
383 2162 530 2247 pretium
552 2163 597 2227 ad
617 2163 882 2247 redemptionem
910 2164 1056 2231 hominis
1082 2184 1104 2230 a
1128 2173 1283 2249 peccato,

195 2259 365 2337 Christus,
382 2281 444 2345 per
456 2280 558 2345 quem
578 2263 693 2345 gratia
707 2270 742 2326 et
758 2264 887 2328 veritas
908 2264 1002 2329 iacta
1023 2272 1088 2342 est,
1104 2264 1283 2330 attendens

192 2360 393 2425 umbratiles
422 2360 509 2444 legis
539 2360 748 2427 ceremonias
779 2380 848 2427 non
872 2362 1026 2428 sufficere
1052 2363 1095 2428 ad
1125 2364 1281 2442 salutem,

192 2458 409 2544 hominisque
434 2462 694 2527 aestimationem
720 2461 828 2545 pluris
855 2461 984 2528 inciens
1007 2480 1111 2547 quam
1141 2467 1281 2547 sangui-

192 2578 272 2624 nem
303 2556 450 2645 alicujus
486 2560 570 2625 hirci
602 2568 663 2626 aut
691 2561 792 2626 vituli
823 2563 1037 2645 sanguinem,
1073 2571 1109 2630 et
1138 2570 1282 2628 mortem

191 2677 290 2724 suam
309 2678 373 2745 pro
399 2668 517 2725 nostra
539 2660 651 2725 salute
667 2661 823 2725 contulit
868 2661 916 2727 Et
933 2663 983 2726 sic
1002 2662 1106 2728 semel
1126 2663 1283 2728 introivit

191 2758 228 2822 iu
255 2767 377 2825 sancta
407 2776 560 2824 summus
590 2768 625 2825 et
650 2776 752 2824 veras
782 2760 949 2844 pontifex,
975 2770 1104 2827 aeterna
1128 2763 1284 2846 redemp-

190 2859 285 2923 tione
300 2860 452 2924 invente.
502 2857 650 2942 Aperuit
664 2859 782 2943 itaque
796 2859 920 2924 librum
935 2869 970 2925 et
984 2862 1089 2926 solvit
1105 2861 1283 2945 signacula

189 2958 266 3042 ejus
281 2958 337 3023 leo
350 2959 393 3023 de
406 2958 497 3024 tribu
507 2957 531 3024 J
534 2957 622 3039 uda3
645 2965 692 3035 et,
702 2958 793 3041 quod
805 2958 928 3024 hostiae
941 2959 1069 3041 legales
1079 2980 1147 3024 non
1158 2968 1279 3044 potue-

190 3066 284 3136 runt,
304 3058 455 3141 gladium
470 3059 599 3123 amovit
616 3058 824 3136 versatilem,
846 3066 881 3123 et
900 3059 1070 3136 Purudisi,
1093 3060 1153 3143 qui
1172 3059 1282 3125 omui·

190 3156 256 3222 bns
285 3158 435 3241 antiquis
462 3149 601 3223 clausus
626 3157 750 3234 inerat,
779 3157 944 3223 reseravit
969 3159 1172 3241 ingressum.
1223 3159 1281 3224 sic

190 3258 273 3323 olim
287 3256 322 3322 in
334 3265 451 3323 monte
472 3258 596 3321 summi
610 3256 781 3342 pontilicis
803 3256 892 3322 solet
906 3258 969 3335 illi,
984 3259 1044 3341 qui
1061 3257 1104 3323 ad
1119 3258 1279 3324 civitates

190 3357 315 3439 refugii
331 3357 543 3440 confugeret,
562 3375 703 3422 securus
725 3355 768 3421 ud
795 3357 936 3441 proprie
956 3358 1086 3423 reditus
1099 3354 1280 3441 indulgeri.

189 3456 284 3523 Olim
313 3464 538 3522 consueverat
559 3457 661 3520 homo
679 3456 814 3521 censeri
841 3464 877 3521 et
904 3457 1027 3535 dicere,
1053 3454 1147 3522 ‘Gur
1171 3459 1281 3540 exigit

188 3564 212 3623 a
228 3574 283 3621 mo
299 3557 470 3621 Dominus
482 3556 629 3639 amplius
645 3572 784 3639 quama
801 3557 935 3621 coeteris
949 3557 1140 3622 creaturis'l
1186 3556 1280 3636 Quid

189 3672 253 3742 pro
268 3675 323 3720 me
338 3655 448 3721 feciti
499 3654 591 3736 Quid
605 3675 669 3740 pro
684 3674 740 3719 me
749 3655 920 3721 laboravit
931 3657 960 3721 'l'
1010 3656 1112 3722 Dixit
1129 3657 1280 3722 et‘Fec-

187 3764 246 3822 tus
271 3774 347 3819 sum
371 3756 463 3820 sicut
479 3755 638 3840 jumenta
657 3762 694 3819 et
714 3756 865 3833 arbores,
890 3764 927 3821 et
944 3764 1070 3822 cretera
1095 3757 1280 3835 uuiversa3

187 3857 238 3921 sic
270 3872 343 3920 snae
373 3850 538 3938 potentias
567 3862 654 3918 nutu
681 3853 822 3937 soloque
850 3854 1017 3939 jussionis
1050 3855 1190 3919 arbitrio
1224 3872 1278 3919 me

187 3956 342 4020 creavit?
392 3954 459 4018 Sed
470 3954 544 4037 jam
562 3954 774 4018 obstructum
789 3960 843 4019 est
860 3973 900 4018 os
919 3953 1131 4038 loquentium
1149 3953 1279 4036 iniqua,

186 4064 224 4121 et
248 4055 322 4140 jam
353 4052 482 4118 homini
518 4051 733 4116 dissimulare
768 4066 839 4117 non
869 4052 950 4118 licet
981 4059 1113 4137 quantu
1142 4072 1206 4135 pro
1236 4072 1278 4117 eo

188 4155 358 4220 Dominus
379 4153 508 4229 iecerit,
533 4153 593 4235 qni
615 4160 654 4216 ut
668 4168 805 4217 servum
827 4151 1008 4217 redimeret
1030 4151 1170 4237 proprio
1188 4151 1278 4216 Filio

186 4270 256 4319 non
273 4254 437 4337 pepercit.
488 4252 598 4316 Porro
614 4250 650 4315 in
666 4250 730 4316 hac
746 4259 875 4317 noemae
888 4252 1011 4316 salutis
1024 4250 1278 4335 dispensatione

186 4354 326 4418 dilectio
340 4350 470 4418 Christi
492 4352 592 4417 nobis
619 4351 817 4416 medullitus
837 4351 996 4416 intimate
1021 4358 1086 4429 est,
1111 4350 1171 4433 qui
1199 4366 1275 4415 cum

185 4454 223 4517 in
245 4453 323 4536 lege
345 4453 513 4535 Mosayca
536 4451 751 4517 dilectionem
775 4451 842 4516 Dei
861 4458 897 4516 et
919 4451 1066 4534 proximi
1090 4448 1222 4515 dederit
1242 4451 1277 4514 in

185 4553 370 4630 mandatis,
393 4552 535 4617 eandem
561 4552 598 4615 in
619 4550 736 4616 schola
764 4550 974 4633 evangelicae
997 4551 1186 4695 disciplinae
1212 4550 1278 4614 ire-

1089 4658 1105 4693 o
