3334 5734
601 765 799 816 nncmouus
823 767 956 816 vneror.
1273 752 1297 815 9

262 948 448 1015 festivitate
461 947 614 1033 ejusdem
633 948 757 1025 moti,
770 966 847 1011 eum
864 954 997 1011 armata
1011 965 1115 1012 manu
1128 947 1300 1027 virorum3

261 1047 352 1113 unde
373 1047 565 1133 judicatum
586 1054 640 1111 est
653 1048 690 1111 in
708 1046 853 1111 concilio
872 1046 909 1109 in
926 1045 1044 1111 eedem
1062 1047 1202 1111 civitate
1221 1066 1302 1112 con·

267 1157 423 1231 gregem,
455 1146 658 1229 presidente
693 1164 773 1229 rege
800 1143 992 1227 Anglorum
1018 1144 1202 1221 willelmo,
1228 1164 1303 1210 mo-

267 1245 395 1311 nachos
426 1245 529 1330 hujus
556 1245 707 1310 criminis
731 1263 808 1309 reos
837 1263 899 1327 per
926 1244 1082 1309 abbatias
1110 1245 1303 1309 carceribus

268 1344 397 1410 retrudi
422 1352 457 1408 et
483 1351 683 1429 perpetuam
713 1363 815 1427 agere
846 1343 1081 1426 poenitentiam
1106 1362 1209 1427 super
1231 1349 1302 1408 tam

268 1443 368 1527 gravi
381 1443 517 1508 delicto.

221 1640 278 1679 Ple.
313 1639 366 1678 ult.

222 1720 276 1796 13,
313 1719 365 1795 20,
380 1714 485 1781 delo
616 1717 748 1797 diebus,
781 1718 840 1803 qui
874 1716 1131 1782 Hildebrandus
1163 1725 1306 1783 vocatus

640 1824 743 1881 antea
756 1818 880 1883 fuerat.

222 1940 277 2012 14,
314 1939 366 2014 25,
382 1934 570 2022 Est-emila
617 1939 766 2023 Angliae.

225 2063 276 2138 15,
334 2063 366 2137 8,
382 2067 419 2124 ut
617 2059 707 2126 deest.

223 2218 275 2231 -
332 2222 359 2234 -
377 2189 528 2298 promea,
617 2202 777 2267 praeesse,
792 2184 918 2249 rationi
931 2184 1078 2249 minime.

371 2302 496 2346 memma

226 2441 277 2455 -·
320 2408 372 2483 29,
388 2404 552 2472 mensuri.
619 2424 810 2484 reversura,
835 2407 1030 2489 recepisset.
1071 2405 1306 2473 wallensium.

380 2504 545 2570 Watevoo

226 2663 279 2676 -
321 2629 373 2706 35,
385 2625 571 2691 audientes..
620 2625 797 2690 audientes
818 2646 897 2711 quae
916 2625 1106 2693 fautoribus
1128 2627 1199 2694 suis
1220 2631 1309 2696 acci·

446 2725 573 2809 suetum
642 2724 775 2789 derant.

367 2825 480 2909 fueret

231 2950 284 3025 16,
322 2951 373 3031 14,
388 2968 472 3012 omne
488 2994 496 3011 .
513 2995 521 3010 .
538 2993 572 3012 ..
622 2965 756 3010 omnem
770 2954 995 3011 commeatum
1009 2947 1058 3011 eis
1074 2948 1258 3016 subtraxit.

376 3044 511 3132 ratmot

229 3206 280 3218 -
322 3172 374 3248 18,
386 3178 574 3254 ternpore...
623 3173 775 3250 tempore
806 3165 991 3243 duraverit,
1026 3166 1064 3230 in
1097 3168 1310 3235 concordiam

378 3275 576 3332 conmanunt
644 3267 805 3330 inierunt.

230 3428 281 3440 ...
324 3393 376 3467 22,
386 3390 479 3474 filim
493 3436 501 3452 .
517 3438 525 3454 .
542 3437 575 3454 ..
623 3387 715 3452 filius
725 3386 974 3469 Normanniam
985 3356 1155 3455 hostiliter
1165 3391 1311 3472 invadit,

379 3491 455 3575 qaia
463 3498 559 3576 poter
646 3506 749 3570 quam
768 3506 830 3551 rex
851 3495 1035 3570 antequam
1048 3488 1209 3573 Angliam
1231 3493 1313 3556 sub-

641 3587 781 3671 jugaret
796 3605 911 3651 coram
926 3585 1086 3671 Philippo
1108 3609 1188 3672 rege
1207 3590 1314 3656 Fran·

647 3705 764 3751 corum
781 3687 812 3749 ei
827 3684 987 3767 dederat3
1009 3688 1091 3769 quia
1106 3707 1187 3753 vero
1203 3698 1312 3774 pater.

231 3842 282 3854 -
325 3803 376 3883 27,
391 3805 427 3869 io
625 3829 681 3874 ex.

233 3924 287 4002 17,
343 3930 374 4004 8,
393 3924 571 3991 Wolcberue
626 3931 814 3998 Walter-us.

231 4085 282 4097 —
326 4052 377 4128 12,
392 4048 578 4213 adffl-
627 4056 742 4122 laicali
758 4076 796 4122 se
811 4056 885 4122 soro
898 4055 1091 4123 immiscuit.

383 4170 444 4233 ⁰!

232 4308 283 4320 —
329 4268 380 4349 17,
402 4271 582 4358 redemptio·
605 4276 844 4357 ,solutionem

402 4391 470 4435 nem

234 4532 284 4543 -
328 4499 381 4573 28,
396 4505 560 4581 oauquom
628 4498 693 4562 nisi
710 4505 824 4562 autea.
