3334 5734
391 746 455 811 152
759 757 958 808 nncrrortns
983 757 1113 807 venun.

313 1006 317 1014 .
395 944 531 1008 auditas
557 941 721 1007 solvendo
751 950 786 1008 et
812 943 988 1024 eleganter
1015 940 1254 1020 dilucidando;
1287 948 1343 1005 tot
1366 939 1478 1006 habuit

396 1042 581 1121 auditores,
601 1051 686 1127 quot
708 1042 955 1126 amplissimum
975 1041 1141 1124 palatium
1163 1042 1276 1125 potnit
1296 1041 1478 1105 continere.

397 1142 478 1208 Una
508 1142 613 1226 igitur
644 1141 774 1206 dierum
800 1161 878 1206 cum
904 1140 1005 1205 nimis
1029 1140 1206 1225 profundis
1230 1141 1421 1205 rationibus
1444 1142 1480 1204 in

397 1241 543 1307 modium
568 1243 752 1325 propositis
769 1240 812 1305 de
834 1240 1005 1305 Trinitate
1026 1241 1246 1305 subtilissime
1263 1240 1480 1323 disputasset,

399 1349 434 1405 et
447 1340 555 1407 dilata
569 1342 690 1406 fuisset
704 1340 941 1406 determinatio
963 1358 1072 1423 usque
1094 1341 1129 1404 in
1152 1340 1352 1416 crastinum,
1368 1358 1478 1403 omnes

399 1440 549 1524 theologi
568 1441 740 1506 scholares
759 1441 795 1504 in
817 1439 970 1517 civitate,
993 1440 1189 1522 praemuniti
1211 1438 1254 1504 ed
1278 1437 1478 1503 audiendum

397 1548 451 1605 tot
481 1541 708 1625 quaestionum
736 1538 1028 1622 inexplicabilium
1060 1538 1259 1614 solutiones,
1293 1537 1340 1602 ad
1377 1537 1478 1621 ipsius

398 1640 562 1705 famosam
585 1639 735 1705 scholam
761 1638 918 1704 certatim
943 1656 984 1703 ac
1008 1638 1210 1703 catervatim
1234 1637 1477 1702 confluxerunt

399 1740 651 1805 Determinavit
676 1739 782 1822 igitur
806 1739 971 1819 magister
1006 1757 1123 1802 omnes
1156 1745 1341 1821 praetactas
1374 1755 1479 1821 qnaes-

400 1839 522 1917 tiones,
548 1847 583 1904 et
613 1856 691 1924 quae
721 1837 925 1902 videbantur
956 1838 1113 1901 omnibns
1140 1836 1384 1914 inenodabiles,
1416 1845 1478 1900 tan

399 1937 559 2016 dilucide,
584 1946 655 2003 tam
680 1937 866 2020 eleganter,
892 1944 963 2001 tam
984 1937 1161 2014 catholice,
1187 1944 1225 2000 ut
1248 1955 1367 2000 omnes
1390 1936 1478 2000 audi·

400 2045 492 2103 tores
523 2037 679 2102 redderet
705 2036 927 2121 stupefactos.
985 2036 1032 2101 Et
1061 2044 1141 2119 post
1170 2035 1479 2100 determinationem

402 2143 619 2203 accesserunt
636 2136 774 2219 quidam
794 2136 903 2219 ipsius
922 2135 1158 2201 familiariores
1179 2136 1273 2200 etad
1290 2135 1481 2200 discendum

404 2236 585 2314 avidiores,
607 2235 821 2319 postulantes
845 2254 867 2298 a
883 2235 1060 2318 magistro,
1082 2244 1178 2300 uteo
1201 2234 1353 2299 dictante
1375 2254 1480 2317 quaes·

401 2336 512 2401 tiones
533 2335 641 2401 literis
663 2335 951 2413 commendarent,
972 2334 1133 2400 dixerunt
1149 2353 1295 2417 namque
1310 2334 1482 2416 indignum

401 2455 477 2499 esse
504 2443 539 2500 et
554 2434 727 2519 jacturam
751 2434 1040 2499 irrestaurabilem
1063 2433 1094 2498 si
1113 2434 1275 2499 memoria
1299 2440 1406 2498 tantae
1423 2435 1482 2498 sci·

402 2536 503 2599 eutiae
525 2533 705 2617 deperiret.
757 2532 893 2613 Quibus
914 2532 988 2616 ipse
1013 2533 1136 2612 elatus,
1158 2541 1194 2598 et
1216 2532 1326 2617 major
1346 2533 1412 2596 sibi
1437 2553 1482 2611 se,

403 2634 453 2699 ait
477 2634 586 2698 oculis
607 2633 795 2698 sublevatis
826 2640 862 2699 et
888 2639 1015 2698 temere
1043 2633 1177 2698 solutus
1205 2633 1241 2697 in
1274 2631 1483 2710 cachinnum,
1534 2651 1536 2654 ’

402 2738 412 2767 ‘
429 2731 460 2797 Ο
477 2731 501 2797 J
503 2733 610 2811 esule,
626 2732 649 2798 J
652 2732 758 2810 esule,
773 2740 940 2815 quantum
954 2733 992 2797 in
1006 2730 1070 2797 hac
1085 2733 1275 2815 quaestione
1289 2731 1483 2797 confirmavi

402 2832 512 2915 legem
530 2840 626 2897 tuam
650 2840 686 2897 et
705 2831 878 2911 exaltavi3
900 2832 1066 2915 profecto,
1085 2834 1115 2896 si
1132 2831 1353 2914 malignando
1373 2840 1409 2896 et
1429 2832 1482 2895 ad·

402 2933 572 2997 versando
604 2931 739 3010 vellem,
770 2931 966 2996 fortioribus
994 2932 1183 2996 rationibus
1212 2939 1247 2996 et
1279 2932 1484 3014 argumentis

402 3032 525 3096 scirem
552 3030 646 3095 illam
672 3031 843 3096 infirmare
870 3038 905 3096 et
930 3030 1150 3114 deprimendo
1178 3031 1394 3114 improbare!
1443 3031 1485 3094 Et

403 3130 468 3195 hoc
487 3131 579 3196 dicto
594 3130 741 3213 elinguia
762 3131 899 3213 penitus
921 3130 1103 3209 obmutuit,
1121 3150 1190 3195 non
1208 3137 1343 3195 tantum
1363 3138 1486 3206 mutus,

359 3278 361 3280 v
404 3229 464 3294 sed
487 3230 596 3295 idiota
616 3238 652 3294 et
675 3229 856 3293 ridiculose
876 3229 1078 3307 infatuatus,
1098 3250 1162 3295 nec
1188 3238 1310 3313 postea
1332 3229 1417 3312 legit
1435 3228 1485 3294 uel

404 3326 665 3408 determinavit3
688 3337 724 3393 et
740 3329 853 3393 factus
870 3336 923 3393 est
943 3329 979 3392 in
1000 3329 1136 3394 sibilum
1158 3336 1194 3395 et
1210 3330 1358 3393 derisum
1382 3330 1486 3393 omni·

404 3427 482 3503 hus,
495 3428 555 3509 qui
569 3426 633 3491 hoc
647 3426 838 3492 audierant.
887 3426 953 3492 Vir
965 3428 1071 3510 igitur
1083 3429 1174 3494 intra
1187 3430 1359 3494 biennium
1374 3428 1487 3492 didicit

356 3576 359 3581 .
404 3524 522 3588 literas
544 3544 760 3607 cognoscere,
787 3535 834 3605 et,
857 3526 985 3592 ultione
1012 3527 1260 3612 aliquantulum
1277 3529 1485 3611 mitigatae

404 3623 558 3688 filiosuo
583 3623 731 3708 quodam
755 3624 937 3709 diligenter
962 3626 1137 3704 edocente,
1160 3630 1221 3691 vix
1247 3630 1361 3712 potuit
1385 3627 1486 3692 Pater

404 3730 521 3788 noster
551 3732 587 3788 et
620 3723 819 3807 Symbolum
852 3726 995 3804 discere,
1028 3728 1185 3805 retinere,
1210 3735 1246 3792 et
1271 3726 1486 3792 balbutiendo

404 3822 637 3906 pronuntiare.
690 3822 769 3888 Hoc
791 3824 898 3906 igitur
925 3826 1125 3891 miraculum
1149 3827 1333 3892 multorum
1359 3826 1487 3892 schola-

403 3923 492 3986 rium
518 3922 708 4006 suppressit
732 3925 976 4006 arrogantiam,
1001 3933 1035 3990 et
1051 3926 1255 4009 jactantiam
1284 3926 1486 3992 refraenavit.

406 4021 496 4087 Haec
530 4022 615 4088 vidit
648 4022 811 4105 magister
848 4023 1015 4088 Nicolaus
1050 4025 1092 4089 de
1120 4019 1239 4103 ¹Fnlii,
1272 4027 1325 4090 vir
1358 4044 1487 4108 magne

406 4121 635 4199 auctoritatis,
666 4123 726 4205 qui
756 4129 877 4206 postea
906 4124 1085 4208 episcopus
1111 4124 1352 4190 Dunelmensis
1380 4125 1487 4189 factus

405 4220 496 4300 fuit;
519 4240 563 4285 ex
578 4221 677 4305 cujus
694 4222 805 4287 relatu
822 4230 857 4286 et
873 4230 966 4287 certo
983 4224 1177 4289 testimonio
1194 4223 1266 4289 haec
1283 4225 1391 4291 literis
1404 4243 1487 4289 com·

406 4318 577 4397 mendavi,
596 4339 639 4385 ne
654 4328 809 4387 vetustas
827 4328 960 4386 tantum
976 4323 1175 4389 miraculum
1194 4325 1357 4402 aboleret,
1374 4323 1487 4389 eodem

787 4542 895 4609 'settin
912 4545 1048 4607 Fernham3
1069 4549 1099 4598 C.
