3334 5734
559 799 757 849 nncrrouns
783 799 915 850 viarm
1216 784 1281 852 lau

188 921 245 959 m.
284 921 337 959 uit.

186 984 241 1059 94,
303 985 334 1063 3,
351 983 416 1048 tric
584 983 736 1067 tr'iginta

185 1145 238 1159 —
303 1103 335 1182 7,
350 1107 430 1192 oepit
587 1108 687 1172 nimis
736 1110 848 1174 elatus
893 1116 929 1174 et
974 1109 1143 1191 gloriosus
1190 1111 1282 1194 oepit

607 1207 711 1273 illico.

187 1366 239 1378 -
305 1333 336 1409 8,
349 1339 378 1394 et
390 1331 436 1395 sic
453 1379 462 1394 .
478 1379 485 1394 .
504 1379 536 1397 ..
587 1338 622 1396 et
630 1333 680 1398 sic
693 1331 803 1397 indies
811 1331 931 1412 crevit,
942 1333 1131 1398 seminante
1142 1324 1282 1400 humani

353 1429 489 1496 hiemet
609 1432 744 1514 generis
769 1432 907 1497 inimico
932 1432 1001 1497 odii
1023 1432 1141 1497 lolium
1160 1442 1196 1499 et
1212 1434 1282 1499 dis·

610 1531 735 1596 cordia
751 1531 882 1598 zizama
898 1532 987 1597 inter
1000 1551 1098 1616 reges
1115 1541 1150 1598 et
1163 1553 1282 1617 regna,

609 1630 735 1695 bellum
752 1631 1035 1696 cruentissimum.

189 1796 241 1808 -
286 1757 338 1832 11,
354 1752 450 1818 Circo
474 1753 539 1819 dios
589 1753 691 1820 Circa
707 1754 780 1819 dies
795 1754 882 1821 istos
895 1756 1046 1821 surrexit
1058 1755 1283 1822 contradictio

354 1853 426 1918 istor
442 1901 450 1915 .
464 1901 472 1917 .
487 1853 537 1919 de
609 1864 646 1919 et
658 1854 736 1918 rixa
749 1855 939 1920 incivitate
955 1854 1210 1921 Londoniarum
1230 1856 1283 1921 in·

358 1953 435 2017 rimo
450 1953 539 2018 tertio
611 1963 664 2019 ter
685 1973 855 2038 pauperes
879 1962 915 2019 et
937 1955 1061 2020 divites
1083 1956 1127 2020 ob
1146 1964 1285 2021 contur-

357 2051 505 2117 koleadas
610 2054 783 2119 bationem
798 2054 944 2137 tallagii,
961 2054 1087 2139 quoda
1103 2055 1207 2137 regiis
1222 2056 1283 2120 mi·

355 2149 535 2218 Novembris
610 2153 727 2217 sistris
751 2154 955 2237 exigebatur
975 2153 1018 2218 ad
1042 2154 1116 2219 fisci
1135 2174 1284 2220 commo·

609 2252 707 2331 dum;
728 2253 909 2318 voluerunt
923 2254 1011 2319 enim
1025 2253 1284 2318 excellentiores

600 2353 749 2430 civium,
766 2351 1016 2438 quosMajores
1034 2360 1068 2418 et
1082 2351 1285 2418 Alderman·

611 2471 674 2517 nos
698 2451 853 2530 dicimus,
870 2452 963 2518 facta
979 2453 1285 2518 communicatione

613 2551 649 2615 in
663 2570 726 2616 sno
743 2551 919 2635 hastingo,
936 2552 1068 2636 seipsos
1084 2572 1221 2618 serrare
1234 2552 1287 2617 in·

612 2650 750 2716 demnes
769 2658 830 2716 aut
846 2651 968 2717 saltem
985 2652 1058 2716 sine
1074 2652 1286 2735 gravamine,

612 2758 649 2815 et
677 2749 898 2835 pauperiores
923 2750 1139 2816 vehementer
1167 2752 1286 2834 exagi-

613 2857 699 2915 tare.
727 2849 903 2916 Willelmo
918 2851 1036 2934 itaque
1047 2849 1116 2914 tilio
1131 2849 1287 2929 Roberti,

613 2957 842 3032 cognomento
872 2955 978 3014 ‘cum
1014 2950 1152 3026 Barba,’
1187 2950 1287 3034 cujus

614 3067 724 3131 genus
760 3048 892 3114 avitum
933 3049 977 3113 ob
1018 3047 1286 3131 indignationem

613 3147 647 3212 N
651 3167 892 3213 ormannorum
914 3147 1033 3212 radere
1052 3148 1193 3212 barbam
1206 3169 1286 3214 con·

615 3248 768 3330 tempsit,
797 3247 1047 3324 recalcitrante,
1076 3255 1111 3311 ot
1140 3247 1288 3332 majores

615 3347 767 3412 civitatis
789 3366 852 3429 pro
869 3346 943 3431 jam
968 3346 1061 3411 dicta
1081 3365 1187 3411 cansa
1210 3367 1289 3430 pro·

616 3445 744 3512 ditores
760 3446 889 3512 domini
904 3446 994 3529 regis
1010 3447 1196 3524 vocitante,
1212 3457 1290 3512 orta

616 3554 670 3610 est
684 3544 807 3611 seditio
823 3545 940 3628 gravis
958 3546 995 3609 in
1017 3546 1157 3611 civitate
1181 3565 1289 3629 usque

617 3645 661 3710 ad
692 3664 788 3710 arma
821 3643 1044 3729 capessenda.
1094 3644 1290 3710 willelmus

617 3750 730 3809 autem
748 3744 901 3810 infinitos
918 3744 960 3809 de
977 3744 1237 3828 pauperioribus
1254 3754 1291 3810 et

615 3842 841 3909 mediocribus
862 3851 984 3909 contra
1003 3843 1168 3927 majorem
1189 3850 1226 3908 et
1241 3844 1289 3908 ai·

615 3943 818 4008 dermannus
831 3942 1014 4009 exacuitet
1028 3941 1212 4021 excitavit3
1228 3942 1290 4006 sed

615 4062 678 4125 per
697 4043 932 4126 pusillanimes
957 4049 993 4106 et
1012 4040 1197 4123 degeneres
1222 4040 1291 4105 dis-

615 4142 766 4225 sipatum
788 4150 843 4208 est
861 4140 1040 4207 consilium
1059 4140 1185 4205 civium
1200 4138 1291 4204 Wil-

617 4241 720 4306 lelmo
750 4241 1058 4306 confoederatorum
1094 4238 1139 4303 ad
1173 4240 1291 4304 resist-

616 4341 740 4405 endum
756 4341 909 4425 ipsorum
925 4338 1072 4425 injuriae.
1108 4338 1291 4405 Enervatis

615 4440 722 4522 igitur
746 4441 878 4506 civibus
902 4439 1127 4505 mediocribus
1152 4447 1187 4504 et
1207 4460 1291 4524 pau-

615 4540 816 4623 perioribus,
854 4547 963 4605 totum
999 4538 1198 4604 refuderunt
1229 4561 1290 4606 rex
