3334 5734
619 781 904 832 mreooocrrorv.
1270 767 1307 831 xi

219 964 363 1030 vallavit
394 970 429 1028 et
460 981 536 1028 eam
569 962 633 1028 sibi
667 962 879 1050 subJugavit.
946 963 1081 1029 Deinde
1112 963 1305 1029 Eboracum

222 1063 431 1148 properavit,
449 1070 484 1128 et
501 1063 618 1127 urbem
636 1070 671 1128 et
687 1064 780 1129 cives
796 1064 887 1130 ferro
903 1063 1107 1147 flammaque
1123 1064 1307 1129 miserabili

224 1163 427 1228 exterminio
458 1163 664 1227 devastavit.
726 1163 861 1229 Deinde
893 1171 1009 1247 portes
1041 1162 1180 1246 Angliae
1212 1165 1309 1248 aqui·

225 1263 360 1329 louares
379 1262 551 1327 hostiliter
569 1262 688 1327 adiens
710 1271 821 1328 terras
844 1262 970 1328 Scotiae
992 1264 1220 1329 conterminas
1235 1263 1308 1327 suis

221 1362 342 1428 incolis
352 1362 388 1425 in
399 1374 458 1427 ore
467 1361 574 1444 gladii
588 1361 756 1440 viduavit,
771 1363 890 1446 iraque
906 1381 1090 1427 succensus
1104 1362 1307 1440 vehementi,

223 1482 264 1527 eo
287 1461 445 1526 videlicet
465 1462 557 1543 quod
582 1461 713 1527 nobiles
738 1461 875 1544 Anglias
899 1462 1064 1545 profugos
1087 1469 1308 1545 receptasset,

224 1561 389 1625 adversus
419 1580 534 1643 regem
562 1560 782 1626 Maloolmum
807 1561 920 1646 ipsum
946 1561 1117 1626 hostiliter
1146 1562 1309 1644 impetere

224 1660 413 1744 proposuit.
468 1659 535 1725 Sed
568 1660 775 1726 Malcolmus
803 1660 952 1743 impetus
985 1659 1061 1744 ejus
1092 1660 1307 1725 vehementer

222 1759 408 1824 formidans
432 1760 464 1824 ei
488 1760 647 1826 dextram
672 1761 778 1838 dedit,
799 1767 836 1825 et
860 1759 934 1845 ejus
956 1759 1166 1825 ferocitatem
1190 1779 1308 1827 mune·

222 1860 317 1924 ribus
331 1858 516 1941 mitigavit.

483 2022 532 2088 De
547 2025 728 2089 monem
740 2025 870 2089 duorum
883 2024 920 2089 de
927 2033 1062 2111 papula.

276 2150 357 2215 Hoc
379 2153 482 2217 etiam
508 2162 673 2239 temporo,
698 2156 820 2222 Romus
844 2155 1045 2223 Alexandro
1067 2165 1102 2223 et
1117 2157 1246 2224 Cadelo
1268 2160 1310 2223 de

224 2259 356 2334 papatu
382 2255 676 2333 contendentibus,
698 2256 855 2322 Mantuae
881 2258 1033 2340 synodus
1055 2266 1308 2341 congregatur3

224 2357 260 2415 et
292 2350 463 2417 mediante
495 2353 639 2435 Amone,
671 2354 868 2422 Coloniensi
903 2357 1170 2441 archiepiscopo,
1203 2357 1312 2422 Alex·

225 2449 333 2514 andro
359 2448 403 2515 de
428 2455 585 2535 symonia
606 2475 644 2521 se
668 2463 851 2539 purgante,
872 2456 909 2520 in
930 2456 1011 2521 sede
1032 2458 1222 2540 apostolica
1242 2465 1312 2522 sta·

225 2549 347 2623 tuitur,
376 2559 412 2615 et
440 2549 569 2620 Cadelo
593 2555 779 2638 expellitur
803 2557 1032 2639 symoniacus.
1084 2556 1213 2622 Eodem
1227 2563 1311 2621 tem·

224 2668 306 2731 pore
321 2657 453 2732 septem
470 2653 578 2718 millia
599 2654 773 2719 hominum
794 2654 914 2720 orandi
936 2656 1050 2737 gratia
1075 2656 1310 2724 lerosolimam

224 2753 379 2831 petentes
405 2751 449 2814 ab
474 2750 644 2818 hrobihns
671 2756 705 2818 in
731 2773 917 2837 parasceve
943 2755 1073 2821 obsessi
1101 2755 1138 2820 in
1162 2754 1310 2841 quodam

223 2855 337 2912 castro
354 2849 435 2913 caesi
450 2862 543 2930 sunt,
558 2861 594 2918 et
610 2854 751 2920 totidem
768 2855 918 2920 letaliter
932 2853 1113 2920 vulnerati.

398 3095 504 3161 Notus
519 3101 562 3158 ost
576 3092 642 3178 rogi
664 3089 816 3155 Wsllolmo
832 3088 986 3154 Heors‘cas
995 3090 1131 3175 pamas.

277 3251 380 3318 huno
403 3248 545 3316 Domini
562 3261 723 3311 nhxvln.
745 3252 849 3311 natus
870 3252 924 3310 est
941 3245 1014 3328 regi
1031 3245 1205 3313 willelmo
1222 3247 1314 3314 filius

223 3354 260 3417 in
276 3350 408 3434 Anglia
429 3356 465 3414 et
485 3353 630 3413 vocatus
651 3352 704 3410 est
728 3343 924 3424 Henricus3
954 3364 1034 3410 nam
1064 3346 1313 3429 primogenitus

227 3451 422 3516 Willelmns
450 3447 564 3512 Rufus
590 3452 624 3509 et
655 3444 828 3509 Robertus
853 3445 889 3508 iu
915 3443 1129 3509 Normannia
1148 3447 1222 3511 nati
1240 3447 1313 3513 iue-

224 3558 306 3615 runt
333 3556 517 3632 antequam
544 3551 644 3628 pater
667 3563 783 3608 eorum
813 3542 977 3625 Angliam
1005 3543 1071 3608 sibi
1097 3545 1312 3630 subjugaret.

226 3649 423 3732 Eodemque
452 3665 543 3711 auno
569 3663 632 3708 rex
660 3642 857 3707 Willelmns
888 3641 1042 3707 Rohsrto
1071 3644 1188 3708 comiti
1219 3645 1313 3712 dedit

227 3747 484 3815 Northnmhriae
510 3743 732 3824 comitatum3
764 3743 801 3807 in
830 3760 933 3825 quem
958 3740 1111 3807 homines
1141 3742 1234 3809 illius
1260 3766 1314 3811 re-

224 3849 336 3932 gionis
362 3845 532 3912 hostiliter
552 3845 768 3925 insurgentes
790 3842 903 3923 ipsum
924 3860 1001 3906 cnm
1025 3844 1207 3924 nongentis
1229 3845 1313 3910 viris

224 3948 261 4012 in
283 3967 342 4013 ore
366 3945 474 4029 gladii
498 3948 726 4027 peremerunt.
778 3940 859 4005 Rex
884 3948 999 4005 autem
1023 3941 1230 4021 Willelmus,
1253 3944 1313 4028 qui

226 4046 292 4112 hoc
312 4047 456 4121 audivit,
473 4040 718 4126 superveniens
740 4059 858 4105 omnes
880 4039 983 4125 hujus
1005 4041 1054 4105 rei
1079 4049 1237 4106 auctores
1258 4061 1314 4107 us·

226 4165 293 4231 que
326 4145 370 4209 ad
408 4162 515 4209 unum
549 4140 688 4206 delevit.
756 4140 889 4205 Diebus
919 4158 1055 4223 quoque
1091 4140 1156 4204 sub
1185 4140 1313 4208 eisdem

227 4244 347 4328 Angli,
382 4244 440 4328 qui
473 4261 567 4308 more
599 4240 827 4325 Trojauorum
859 4245 894 4303 et
923 4239 1068 4305 aliorum
1098 4239 1313 4306 orientalium

225 4346 350 4410 barbas
365 4342 574 4418 nutrierunt,
595 4339 754 4423 exemplo
777 4338 1053 4404 Normannornm
1070 4357 1130 4402 eas
1144 4349 1314 4420 raserunt,

224 4464 304 4509 nam
324 4451 428 4508 antea
451 4439 511 4525 qui
535 4438 710 4504 caesuriem
730 4439 767 4502 in
788 4437 965 4503 cincinnos
990 4456 1141 4503 crescere
1172 4441 1314 4523 permit·

227 4545 357 4622 tebant,
385 4541 463 4627 jam
479 4528 482 4533 ‘
498 4541 608 4624 ipsam
645 4538 689 4602 ad
726 4538 885 4603 humeros
912 4537 1162 4618 totondebant;
1204 4540 1315 4604 etsie
