3334 5734
373 744 418 811 66
741 761 938 812 onoriouus
959 761 1095 811 vaura.

425 950 463 1008 to
478 944 573 1026 regio
592 945 803 1023 convocatis,
816 965 880 1010 rex
899 945 1027 1011 talibus
1047 944 1208 1027 alloquiis
1228 963 1333 1026 super
1350 943 1418 1008 mel
1437 951 1469 1007 et

427 1041 542 1108 savum
571 1044 751 1128 oleumque
781 1044 919 1109 mellitis
945 1053 981 1109 et
1003 1045 1144 1109 mollitis
1167 1044 1348 1108 blandiens
1371 1042 1469 1119 dixit,

429 1140 560 1207 ‘Amici
585 1149 620 1208 et
641 1143 759 1209 fideles
788 1145 856 1209 mei
880 1144 1050 1226 indigenae
1076 1162 1118 1208 ao
1141 1142 1329 1220 naturales,
1351 1142 1471 1219 nostis,

429 1243 544 1307 veraci
566 1243 659 1308 sama
683 1242 861 1321 referente,
883 1244 1031 1327 qualiter
1054 1243 1161 1308 frater
1180 1262 1276 1307 meus
1300 1242 1472 1307 Robcrtns

430 1341 558 1405 electus
582 1349 617 1406 et
640 1362 702 1426 per
723 1343 836 1408 Deum
858 1351 1002 1408 vocatus
1029 1348 1083 1407 est
1109 1342 1154 1407 ad
1182 1361 1325 1426 regnum
1349 1341 1475 1406 Hiero-

430 1440 673 1525 solymitanum
688 1441 847 1508 foeliciter
860 1441 1131 1525 gubernandum,
1145 1449 1180 1506 et
1198 1460 1302 1525 qnam
1321 1442 1474 1505 frontose

432 1540 517 1606 illud
536 1540 731 1607 infoeliciter
749 1541 963 1621 refutaverit,
989 1542 1111 1606 merito
1139 1549 1321 1624 propterea
1350 1559 1373 1604 a
1399 1540 1474 1604 Deo

432 1640 675 1723 reprobandus.
714 1639 837 1729 Nostis
859 1642 962 1708 etiam
983 1643 1019 1707 in
1041 1640 1158 1706 multis
1180 1641 1257 1706 aliis
1279 1639 1474 1722 snperbiam

433 1746 470 1804 et
488 1737 700 1805 ferocitatem
719 1739 822 1817 illius,
845 1742 928 1825 qnia
952 1742 1007 1806 vir
1032 1739 1225 1818 bellicosus,
1248 1740 1344 1823 pacis
1369 1740 1476 1821 imm·

433 1839 522 1903 tiens
539 1846 608 1918 est3
626 1858 756 1922 vosque
770 1841 919 1906 scienter
931 1841 1030 1924 quasi
1043 1840 1328 1924 contemptibiles,
1345 1846 1382 1903 et
1391 1856 1476 1921 qnos

434 1935 568 2002 desides
586 1948 690 2004 vocat
708 1945 743 2004 et
769 1940 941 2022 glutones,
959 1938 1160 2005 conculcare
1176 1938 1357 2003 desiderat
1401 1937 1477 2019 Ego

435 2057 517 2103 vero
530 2056 594 2103 rex
609 2037 746 2102 humilis
768 2045 803 2104 et
819 2040 995 2123 pacificus,
1015 2058 1078 2104 vos
1100 2040 1137 2103 in
1158 2057 1243 2123 pace
1264 2038 1301 2102 in
1325 2037 1477 2121 antiquis

435 2136 560 2202 vestris
584 2136 812 2217 libertatibus,
840 2147 943 2224 prout
973 2139 1124 2204 crebrius
1147 2137 1373 2223 jurejurando
1402 2155 1478 2220 pro-

435 2236 525 2314 misi,
549 2238 660 2318 gestio
679 2238 872 2318 confovere,
893 2246 930 2304 et
947 2238 1071 2304 vestris
1094 2236 1292 2302 inclinando
1313 2236 1475 2314 consiliis,

437 2336 626 2400 consultius
643 2356 685 2401 ac
704 2337 832 2415 mitius,
850 2357 944 2403 more
963 2337 1134 2403 mansueti
1150 2337 1324 2421 principis,
1342 2336 1477 2420 sapien·

436 2442 490 2499 ter
503 2436 705 2517 gubernare,
722 2444 757 2501 et
771 2456 875 2521 snper
889 2437 955 2516 bis,
968 2438 999 2502 si
1010 2436 1240 2521 provideritis,
1255 2435 1387 2520 scripta
1400 2436 1478 2500 sub·

436 2541 535 2598 arata
551 2535 737 2615 roborare3
761 2544 797 2601 et
811 2537 945 2602 iteratis
957 2535 1162 2621 juramentis
1181 2535 1347 2620 praedicta
1363 2535 1480 2599 certis-

437 2633 522 2697 sime
551 2634 763 2714 confirmare,
795 2637 911 2701 omnia
940 2635 1112 2713 videlicet,
1140 2654 1219 2718 quae
1248 2642 1392 2699 sanctus
1419 2653 1479 2698 rex

438 2731 640 2811 Edwardus,
665 2734 740 2799 Deo
761 2735 963 2819 inspirante,
990 2736 1132 2819 provide
1152 2734 1312 2812 sancivit,
1333 2733 1476 2798 inviola-

438 2831 552 2896 biliter
568 2832 675 2917 jubeo
696 2835 882 2900 observari.
930 2835 981 2900 Ut
1003 2854 1136 2900 mecum
1162 2833 1308 2898 fideliter
1335 2841 1477 2908 stantes,

437 2930 554 2996 fratris
575 2932 653 3011 mei,
673 2934 778 2998 immo
795 2943 830 3001 et
846 2935 913 2998 mei
930 2942 966 2999 et
980 2934 1087 2999 totius
1103 2934 1201 3016 regni
1216 2930 1355 3014 Anglite
1372 2931 1478 2997 bostis

438 3031 666 3096 cruentissimi
687 3032 830 3117 injurias
852 3041 1020 3117 potenter,
1042 3033 1207 3112 animose,
1227 3052 1269 3098 ac
1288 3031 1478 3097 voluntarie

438 3130 657 3213 propulsatis.
709 3131 748 3196 Si
773 3135 864 3197 enim
888 3132 1088 3198 fortitudine
1115 3131 1306 3216 Anglorum
1330 3132 1480 3208 roborer,

439 3228 558 3293 inanes
575 3228 854 3296 Normannorum
870 3234 981 3297 minas
995 3251 1210 3316 nequaqnam
1226 3249 1350 3296 censeo
1365 3230 1480 3295 sormi·

439 3327 593 3392 dandas!
643 3328 786 3394 Talibus
800 3332 907 3413 igitur
923 3331 1111 3415 promissis,
1133 3351 1211 3414 quae
1228 3337 1344 3395 umen
1363 3331 1399 3394 in
1416 3329 1480 3393 fine

438 3425 654 3508 impudenter
670 3428 824 3504 violavit,
844 3432 996 3495 omnium
1018 3431 1122 3495 eorda
1143 3431 1210 3496 sibi
1230 3429 1421 3508 inclinavit,
1443 3435 1482 3493 nt

440 3544 503 3607 pro
532 3525 607 3608 ipso
636 3536 757 3592 contra
780 3531 965 3613 quemlibet
993 3549 1102 3614 nsque
1132 3531 1176 3596 ad
1200 3529 1323 3613 capitis
1346 3527 1480 3612 exposi-

440 3624 567 3688 tionem
585 3624 796 3693 dimicarent.

402 3746 459 3782 ulo.
481 3747 533 3784 litt.

393 3811 468 3887 181,
486 3812 539 3884 13,
556 3810 739 3974 {subrele-
787 3822 841 3880 est
856 3816 1012 3899 usquein
1028 3814 1254 3882 Hercbebrai.

591 3933 626 3976 aa

391 4062 443 4077 —
483 4060 528 4072 -
552 4024 663 4092 obsedit
787 4026 874 4093 deest.

392 4180 443 4194 -
487 4143 539 4218 19,
555 4142 738 4220 inchoem,
787 4142 993 4219 inchoatam,
1010 4144 1070 4208 nbi
1083 4143 1235 4208 fautores
1249 4142 1346 4207 ducis
1360 4143 1397 4206 in
1412 4161 1484 4207 cas·

556 4251 584 4307 ot
809 4242 928 4307 tellum
954 4244 1219 4308 munitissimum
1244 4260 1320 4307 sese
1349 4261 1486 4324 recepe·

808 4348 901 4406 runt.
954 4343 1052 4407 Duce
1070 4361 1151 4407 vero
1171 4342 1374 4419 declinante,
1396 4340 1485 4405 mili·
1534 4355 1537 4360 ·

809 4448 862 4505 tes
881 4441 989 4524 ipsius
1016 4441 1227 4507 obsidionem
1247 4441 1339 4523 regis
1360 4441 1486 4524 imper·

809 4538 927 4604 territe
949 4548 1178 4624 expectamnt
1198 4560 1236 4605 se
1260 4539 1404 4605 viriliter
1427 4538 1483 4605 de

808 4638 995 4705 tendentes.
1045 4640 1200 4706 Tandem
1216 4640 1401 4705 Robcrtus.
