3334 5734
576 778 777 830 nrorrouss
798 779 927 830 vanis.
1227 762 1292 832 271

200 980 340 1045 scopus.
398 961 509 1027 Facta
543 962 649 1045 igitur
680 962 747 1027 rite
781 961 959 1039 electione,
996 969 1293 1046 praesentaverunt

199 1081 280 1127 enm
302 1060 376 1144 regi
397 1071 521 1128 octavo
543 1062 703 1128 calendas
728 1061 908 1142 Octobris;
942 1081 1041 1146 quem
1067 1081 1130 1127 rax
1152 1071 1292 1145 gratan-

200 1168 267 1236 ter,
290 1169 457 1244 qnantum
478 1160 522 1227 ad
546 1181 585 1227 se
608 1162 811 1245 pertinebat,
839 1169 1035 1246 acceptans,
1063 1160 1106 1226 de
1131 1162 1291 1226 maneriis

200 1271 238 1325 et
264 1261 367 1326 rebus
392 1261 470 1326 aliis
496 1261 540 1326 ad
572 1262 900 1345 archiepiscopatum
929 1261 1165 1346 adjacentibus
1194 1260 1291 1325 illum

201 1361 360 1443 protinus
395 1361 583 1427 investivit.
648 1361 696 1427 Et
726 1361 885 1426 monachi
917 1361 1063 1427 Romam
1094 1360 1291 1444 proseotnri,

200 1459 247 1524 ed
271 1459 416 1524 electum
443 1480 544 1525 snum
571 1462 757 1538 venientes,
780 1462 952 1545 petierunt
972 1460 1016 1524 ab
1041 1461 1101 1525 illo
1123 1460 1291 1524 auxilium

201 1559 247 1623 ad
272 1577 441 1643 expensas
472 1560 604 1625 itineris
636 1568 671 1624 et
702 1559 880 1625 servitium
911 1561 1015 1624 curiae
1044 1559 1224 1638 Romanae,
1255 1568 1291 1625 et

200 1658 232 1723 si
259 1678 329 1742 qua
364 1667 446 1725 sunt
466 1660 602 1724 similia.
646 1658 714 1724 Sed
737 1658 808 1737 ille,
833 1660 985 1725 sentiens
1008 1658 1044 1723 in
1069 1659 1183 1723 animo
1204 1657 1290 1724 illnd

202 1777 272 1823 non
306 1759 442 1842 penitus
474 1778 589 1824 carere
622 1758 784 1842 scrupulo
817 1758 971 1824 simoniae
1004 1777 1046 1824 ac
1080 1758 1289 1836 ambitionis,

201 1857 304 1941 plane
342 1856 524 1923 affirmavit
558 1857 650 1942 quod
688 1866 828 1942 propter
863 1858 928 1923 hoc
964 1857 1014 1922 eis
1049 1877 1112 1922 nec
1150 1856 1288 1923 obolum

201 1976 308 2021 unum
344 1957 499 2035 donaret,
536 1976 658 2022 manus
694 1958 836 2023 tendens
869 1958 905 2020 in
937 1958 1060 2022 caelum
1094 1964 1130 2022 et
1160 1956 1286 2033 dicens,

200 2056 372 2123 ‘Domine
398 2058 494 2122 Deus
521 2057 749 2141 omnipotens,
775 2058 805 2121 si
825 2055 1000 2121 vocandus
1022 2075 1110 2133 som,
1132 2055 1213 2120 licet
1235 2055 1288 2119 in·
1400 2137 1405 2148 .

202 2155 339 2238 dignus,
371 2157 416 2221 ad
449 2156 751 2240 archipraesulatus
782 2153 941 2233 officium,
970 2156 1032 2221 fiat
1061 2155 1126 2220 hoc
1152 2163 1187 2220 te
1218 2153 1288 2219 dis-

200 2265 369 2339 ponente3
392 2256 423 2321 si
437 2264 552 2321 autem
572 2255 608 2320 in
630 2254 694 2320 hac
713 2254 940 2320 sollicitudine
962 2255 1187 2332 cancellariae,
1208 2274 1288 2319 neo·

200 2374 270 2419 non
286 2355 427 2421 minoris
440 2354 552 2434 officii,
567 2355 623 2419 oui
638 2354 807 2438 assignat,
820 2373 926 2437 regno
943 2362 978 2420 et
994 2354 1121 2439 populo
1135 2361 1196 2420 tuo
1212 2372 1288 2417 snm

199 2455 424 2533 necessarius,
434 2474 503 2519 non
519 2473 639 2520 recuso
653 2453 816 2533 laborem,
828 2454 891 2520 fiat
902 2453 1061 2520 voluntas
1075 2453 1158 2518 toa'
1208 2452 1288 2518 Mo·

200 2553 301 2619 nachi
317 2574 411 2633 vero,
423 2555 489 2619 viri
503 2554 732 2619 constantiam
754 2555 869 2638 potius
891 2572 993 2636 quam
1015 2554 1233 2618 rebellionem
1250 2553 1287 2617 in

199 2652 265 2719 hoc
293 2654 398 2719 verbo
421 2660 618 2737 pensantes,
643 2673 712 2718 non
739 2652 817 2719 ideo
837 2653 951 2716 minus
975 2652 1122 2717 Romam
1144 2651 1288 2735 profecti

198 2753 398 2819 electionem
424 2753 499 2818 sive
523 2752 787 2838 postulationem
809 2751 936 2816 factam
957 2752 1128 2835 petierunt
1150 2770 1173 2815 a
1196 2770 1288 2834 papa

199 2860 239 2918 ot
264 2853 469 2918 auctoritate
490 2872 555 2917 sna
580 2851 807 2917 confirmaret.
859 2850 1027 2915 Dominus
1047 2851 1163 2933 itaque
1184 2868 1288 2933 papa,

198 2951 304 3029 sacta,
329 2959 369 3017 ut
384 2952 521 3028 dicitur,
542 2970 564 3016 a
589 2951 754 3033 magistro
771 2949 909 3014 Simone
925 2949 967 3013 de
985 2948 1191 3033 Langetnna
1207 2948 1286 3013 dili·

199 3051 296 3134 genti
321 3051 543 3135 inquisitione
561 3049 602 3115 de
616 3068 763 3134 persona
780 3049 958 3133 postulati,
981 3047 1168 3132 respondit,
1189 3047 1286 3112 illum

197 3151 361 3216 curialem
386 3170 462 3216 esse
486 3156 522 3215 et
536 3150 746 3227 illiteratum,
766 3148 922 3232 rapidum
946 3149 982 3212 in
998 3149 1103 3212 verbo
1128 3167 1169 3213 ac
1189 3147 1285 3213 festi·

197 3269 293 3329 nnm,
319 3260 366 3328 et,
388 3249 481 3334 qnod
508 3248 626 3314 dumus
652 3256 718 3327 est,
741 3249 772 3312 si
796 3247 956 3312 odiliam
979 3246 1183 3331 dignitatem
1209 3266 1286 3331 pro-

198 3358 404 3428 moveretur,
421 3349 533 3415 moliri
554 3349 738 3424 volentem,
761 3354 812 3426 nt,
838 3346 1019 3412 anhelante
1044 3347 1090 3412 ad
1113 3347 1178 3412 hoc
1204 3365 1286 3430 rege

197 3468 276 3514 cnm
292 3457 367 3515 toto
384 3469 491 3532 regno
502 3448 660 3533 juvante,
678 3454 857 3513 excuteret
871 3445 1034 3530 Angliam
1052 3446 1095 3512 de
1117 3447 1184 3512 snb
1196 3445 1286 3530 jugo

198 3549 327 3614 domini
349 3568 449 3633 papea
473 3556 509 3614 et
525 3549 629 3613 ouria
644 3547 824 3624 Romanae,
846 3547 906 3630 qni
929 3547 1037 3612 eidem
1062 3553 1199 3613 tenetur
1222 3546 1287 3611 snb

197 3648 339 3726 tributo,
360 3655 400 3715 ut
422 3648 537 3714 soluto
552 3647 688 3712 vinculo
712 3645 845 3724 tributi,
864 3665 933 3730 qno
958 3646 1105 3712 irretivit
1123 3665 1200 3711 eam
1222 3664 1286 3711 rax

196 3746 389 3827 lohannes,
402 3748 505 3813 solita
518 3746 596 3812 Deo
607 3744 803 3812 eteoclesiae
819 3752 949 3810 sanctae
964 3745 1109 3811 serviret
1117 3745 1286 3810 libertate.

198 3847 245 3913 Et
270 3847 314 3912 sd
340 3846 405 3913 hoc
420 3846 523 3913 vellet
542 3865 651 3930 osque
675 3844 924 3930 expositionem
949 3845 1073 3929 capitis
1097 3844 1284 3923 decertare,

196 3946 339 4012 innixus
362 3945 435 4030 juri
460 3953 497 4011 et
518 3945 805 4030 appellationibus
826 3942 1005 4026 Stephani,
1028 3942 1288 4008 cantuariensis

196 4046 457 4131 archiepiscopi,
474 4064 560 4129 quas
577 4044 658 4111 fecit
673 4044 871 4109 solemniter
888 4043 978 4107 idem
995 4041 1189 4126 Stephanus
1206 4049 1286 4106 ante

196 4145 306 4211 altare
316 4147 429 4210 macti
444 4145 547 4210 Panli
559 4145 595 4209 in
609 4144 754 4210 ecclesia
769 4142 958 4208 cathedrali
972 4141 1193 4218 Londinensi,
1207 4160 1286 4206 cnm

195 4244 355 4311 redderet
378 4264 539 4310 coronam
566 4242 706 4327 Angliae
732 4251 938 4308 memoratus
961 4262 1024 4306 rex
1048 4240 1225 4307 lohannes
1250 4240 1287 4305 in

196 4363 320 4410 manus
345 4345 462 4427 legati,
496 4343 680 4409 conficiens
715 4342 879 4426 scriptum
907 4342 972 4408 toti
999 4340 1126 4405 mundo
1150 4358 1290 4405 execra-

195 4443 275 4509 bile.
314 4444 414 4528 Papa
440 4450 555 4509 antem
580 4443 634 4508 his
658 4441 786 4509 auditis
809 4441 1033 4518 sermonibus,
1056 4439 1289 4523 postulatione

195 4550 345 4622 ossea,
384 4543 555 4610 concessit
588 4551 629 4608 nt
667 4548 857 4607 conventus
892 4539 1149 4608 Cantuariensis
1183 4538 1289 4604 ahum
