3334 5734
378 735 424 805 st
747 756 946 811 uncrtouus
971 757 1105 807 varin.

385 939 546 1023 quentius
564 948 598 1004 et
622 938 744 1004 fortius
771 940 884 1006 verbis
901 948 937 1006 et
961 939 1099 1005 tandem
1126 938 1336 1004 exhibitione
1364 939 1472 1021 operis

385 1038 595 1119 inculcavit3
636 1039 832 1124 ‘Majorem
874 1041 964 1106 enim
1006 1039 1184 1103 caritatem
1224 1058 1323 1103 nemo
1362 1038 1474 1113 babet,

387 1158 490 1221 quam
515 1145 553 1203 ut
568 1139 715 1203 animam
736 1159 836 1204 suam
860 1147 965 1223 ponet
989 1139 1067 1223 quis
1091 1159 1153 1222 pro
1179 1138 1322 1204 amicis?
1373 1137 1477 1201 Dedit

387 1238 504 1321 itaque
529 1240 705 1304 materiam
730 1238 894 1322 diligendi
919 1259 969 1317 se,
994 1239 1054 1322 qui
1078 1238 1115 1301 in
1139 1239 1212 1303 suis
1238 1238 1477 1302 dilectionibus

388 1356 452 1402 nos
477 1339 654 1421 praeuenit,
681 1357 742 1402 nec
767 1339 862 1403 aliud
888 1358 912 1402 a
940 1338 1037 1402 nobis
1064 1338 1186 1420 exigit,
1209 1338 1275 1401 nisi
1298 1346 1340 1401 ut
1366 1337 1477 1418 ipsum

389 1436 572 1520 diligamus
588 1457 633 1503 ex
648 1437 761 1503 corde.
800 1438 890 1503 Sane
906 1438 1112 1502 inhumanus
1129 1445 1184 1502 est
1197 1444 1234 1502 et
1245 1435 1406 1512 crudelis,
1420 1435 1478 1517 qui

389 1535 464 1621 ejus
487 1536 751 1602 misericordiam
777 1557 846 1602 non
867 1538 1000 1615 recolit,
1021 1537 1080 1620 qui
1106 1536 1292 1601 Dominum
1317 1544 1390 1600 tam
1412 1534 1479 1598 cle·

389 1644 537 1702 mentem
552 1656 596 1701 ex
617 1636 742 1701 affectu
764 1657 832 1701 uon
849 1637 974 1719 diligit,
989 1636 1049 1720 qui
1062 1656 1100 1701 se
1117 1656 1179 1721 pro
1194 1636 1293 1712 eo,si
1311 1653 1401 1717 opus
1416 1642 1480 1711 est,

390 1737 510 1801 mortis
540 1736 691 1819 periculo
719 1735 989 1802 desiderabiliter
1014 1755 1083 1801 non
1106 1736 1259 1819 exponit
1320 1733 1480 1798 Christus

389 1842 505 1900 autem
527 1843 682 1900 mortuus
702 1842 738 1900 ct
751 1835 920 1919 sepultus,
943 1836 1047 1901 tertia
1072 1833 1128 1900 die
1152 1852 1336 1917 resurgens
1350 1852 1377 1897 a
1392 1853 1481 1897 mor·

390 1934 472 2012 tuis,
497 1933 587 2000 sicut
615 1934 791 2018 discipulis
818 1936 920 2000 rivus
951 1934 1172 2019 predixerat,
1200 1934 1328 1999 eisdem
1361 1939 1481 2016 postea

390 2032 585 2116 frequenter
605 2035 778 2118 apparuit,
804 2042 841 2099 et
862 2054 940 2101 cum
955 2035 1041 2118 ipsis
1061 2035 1205 2118 loquens
1230 2041 1266 2098 ct
1287 2031 1480 2109 comedens,

390 2134 538 2199 ostensis
554 2133 751 2199 vulneribus
771 2153 946 2212 manuum,
967 2133 1104 2218 pedum,
1120 2154 1161 2200 ac
1173 2133 1304 2210 lateris,
1319 2133 1358 2195 in
1374 2131 1480 2196 cordi·

391 2233 455 2297 bus
471 2232 695 2317 quorundam,
711 2233 770 2317 qui
786 2233 898 2299 adbuc
917 2234 1125 2299 haesitabant
1139 2234 1176 2297 in
1189 2232 1269 2309 fide,
1286 2231 1480 2296 ostensione

391 2332 568 2397 vulnerum
586 2333 710 2397 vulnus
725 2332 948 2399 dubitationis
964 2334 1106 2398 amovit.
1156 2330 1399 2414 Quadraginta
1416 2331 1480 2394 ita·

392 2449 459 2513 que
476 2431 593 2498 diebus
609 2451 686 2497 cum
703 2432 754 2496 eis
770 2433 950 2499 visibiliter
971 2439 1206 2509 conversatus,
1228 2431 1355 2496 eisdem
1380 2430 1481 2494 comi·

391 2530 545 2595 tentibus
571 2532 722 2596 venitin
749 2541 898 2598 montem
918 2532 1058 2608 obusti,
1077 2540 1113 2598 et
1135 2529 1328 2597 videntibus
1352 2529 1422 2593 illis
1447 2530 1481 2592 in

392 2628 515 2693 caelum
536 2630 690 2696 elevatus
711 2639 785 2710 est3
811 2633 966 2697 ascendit
985 2632 1030 2696 ad
1053 2630 1204 2707 Patrem,
1225 2631 1283 2694 ubi
1304 2648 1384 2695 eum
1407 2649 1479 2693 esse

392 2729 428 2793 in
446 2728 561 2795 Patris
586 2730 827 2814 coaequalitate
849 2732 1029 2808 credimus,
1052 2739 1156 2815 atque
1178 2730 1214 2793 iu
1232 2729 1405 2795 communi
1430 2748 1480 2792 re·

392 2830 603 2895 surrectione
618 2831 730 2914 ipsum
741 2831 897 2897 vivorum
912 2841 947 2897 et
956 2838 1166 2899 mortuorum
1176 2830 1328 2914 judicem
1339 2848 1477 2912 exspec

392 2936 518 2994 samm.
570 2929 621 2996 Ut
634 2931 740 3013 igitur
754 2929 924 2996 Dominus
943 2937 1060 2995 noster
1075 2929 1181 2996 Jesus
1196 2928 1356 2994 Christus
1372 2927 1480 2993 voluit

393 3037 429 3093 et
450 3027 567 3095 debuit
589 3029 634 3094 ad
657 3030 776 3094 horam
801 3032 900 3108 mori,
925 3031 1006 3113 quia
1031 3030 1132 3094 bomo
1163 3030 1276 3113 potuit
1303 3035 1339 3093 et
1363 3028 1480 3092 debuit

393 3135 474 3210 post
505 3136 648 3194 mortem
681 3148 870 3212 resurgere,
900 3137 941 3194 ut
973 3129 1032 3213 qui
1061 3129 1229 3194 hominem
1260 3135 1482 3212 superaverat

394 3224 551 3292 diabolus
568 3229 612 3293 ab
632 3229 769 3293 homine
789 3235 1018 3312 superaretur,
1041 3237 1076 3294 et
1096 3236 1277 3312 superatus
1299 3226 1484 3292 confunde-

394 3331 500 3390 retur.
551 3327 765 3392 Erubescant
785 3328 939 3394 infideles
967 3338 1002 3393 et
1028 3329 1320 3412 praevaricatores,
1345 3328 1405 3410 qui
1435 3328 1483 3390 in·

396 3422 553 3489 ordinate
577 3425 614 3489 iu
640 3425 715 3491 brec
742 3436 969 3512 prorumpunt
989 3427 1223 3504 deliramenta,
1245 3426 1303 3492 ‘Si
1325 3426 1483 3492 cbristus

396 3521 494 3586 Deus
514 3523 591 3600 fuit,
617 3525 787 3608 quomodo
815 3526 929 3610 potuit
948 3528 1057 3592 morit
1109 3527 1146 3592 Si
1170 3525 1285 3601 homo,
1314 3525 1483 3609 quomodo

396 3640 575 3706 resurgere
588 3624 615 3687 i'
668 3624 749 3690 Fuit
775 3646 896 3709 nempe
921 3626 1018 3691 Deus
1045 3634 1082 3692 et
1105 3626 1228 3691 homo:
1261 3626 1344 3709 quia
1370 3624 1482 3702 homo,

396 3721 515 3787 debuit
538 3724 643 3803 mori;
669 3725 752 3807 quia
773 3724 882 3804 Deus,
903 3725 1017 3809 potuit
1037 3745 1223 3808 resurgere.
1278 3724 1372 3790 Utile
1399 3745 1482 3808 quo-

397 3841 466 3906 que
495 3823 595 3888 uobis
624 3823 701 3902 tuit,
734 3825 824 3908 quod
857 3826 922 3890 sub
951 3826 1070 3909 iniquo
1098 3824 1216 3911 judice
1244 3832 1368 3907 sponte
1400 3825 1484 3889 mori

398 3922 617 4006 dignabatur,
631 3924 741 3991 valuit
756 3931 793 3989 et
808 3925 918 3990 voluit
930 3925 1138 4007 resurgendo
1155 3931 1298 3989 mortem
1312 3943 1483 4008 superare

399 4021 446 4087 Et
462 4023 552 4088 sicut
567 4023 723 4091 diabolus
741 4044 803 4108 per
823 4043 906 4088 suos
929 4025 1103 4090 ministros
1122 4025 1159 4089 iu
1181 4023 1367 4089 Dominum
1387 4044 1485 4089 suum

398 4139 521 4187 manus
551 4141 638 4187 ausu
671 4124 852 4188 temerario
882 4123 999 4208 injecit
1031 4124 1211 4201 violentas,
1239 4124 1291 4189 ita
1318 4123 1416 4207 juste
1447 4143 1486 4187 ac

394 4220 606 4305 judicialiter
626 4222 824 4301 dominium,
841 4229 877 4287 et
894 4223 1109 4307 tyrannidem
1131 4242 1234 4306 quam
1254 4224 1291 4286 in
1317 4223 1486 4288 bominem

398 4329 615 4399 exercuerat,
641 4323 757 4387 amisit
779 4323 816 4386 in
845 4330 1021 4387 aetemum.
1071 4323 1119 4388 Et
1141 4323 1206 4387 hoc
1229 4321 1329 4388 modo
1355 4341 1487 4406 compe
1522 4357 1525 4361 ,

400 4419 498 4498 tenti,
511 4422 570 4504 qui
586 4420 756 4486 hominem
773 4422 914 4500 vicerat,
927 4423 971 4487 ab
985 4422 1122 4487 homine
1136 4422 1355 4502 vincebatur3
1377 4429 1414 4487 et
1428 4421 1487 4504 qui

399 4517 437 4585 iu
457 4518 552 4602 ligno
578 4527 813 4605 superaverat,
839 4522 876 4588 in
892 4520 986 4605 ligno
1001 4523 1133 4588 scilicet
1148 4522 1259 4587 crucis
1276 4527 1435 4605 potenter
1454 4527 1489 4585 et
