3334 5734
523 803 525 806 ’
596 803 793 856 nncrronns
816 809 948 862 vinis.
1063 874 1068 885 ,

222 919 279 957 Pte.
314 922 367 961 uit.

225 977 278 1058 72,
317 987 369 1064 29,
384 1008 421 1051 no
616 1010 668 1068 ne,
687 991 839 1059 admissi.

221 1140 272 1154 —
316 1107 367 1184 31,
383 1106 549 1174 iata-odem·
614 1113 703 1179 dossa

223 1224 274 1303 73,
335 1233 449 1308 Leaen
476 1232 535 1298 sibi
613 1258 722 1324 eaque
738 1241 804 1307 sibi
814 1243 901 1327 jam.

385 1342 456 1397 moi

221 1485 268 1496 -
336 1457 366 1531 4,
383 1455 468 1522 robus
481 1459 544 1543 ejas
614 1461 705 1526 bona
720 1466 824 1547 regia.

219 1614 270 1627 —
336 1580 365 1657 6.,
382 1583 461 1668 renis
482 1584 568 1650 mili-
613 1586 716 1667 regiis
733 1589 908 1656 militibus.

382 1681 429 1745 tie

218 1838 267 1850 —-
313 1804 568 1881 lonnienhnatar
610 1808 797 1875 incolumes
815 1817 1046 1882 remanebant.

218 1962 268 1974 -
313 1928 532 2013 ll,ndjioiant
612 1934 798 2016 accingunt
811 1955 861 2001 se.

375 2030 469 2094 amen
756 2052 760 2059 ·

218 2182 266 2194 -
312 2152 363 2228 13,
378 2152 516 2221 Deinde.
531 2206 562 2223 ..
610 2154 771 2236 pontibus
787 2155 830 2219 ad
845 2157 909 2223 hoc
922 2164 1126 2228 constructis
1142 2168 1305 2233 etmoeni-

373 2256 548 2340 permina
632 2254 696 2318 bus
719 2255 879 2335 admotis,
906 2261 1027 2326 sedula
1053 2283 1170 2327 eorum
1200 2285 1305 2349 opera

632 2352 675 2416 ad
686 2353 721 2418 id
737 2365 939 2437 perventum
952 2368 1015 2437 est,
1027 2370 1066 2427 ut
1078 2362 1153 2445 jam
1170 2373 1304 2448 pateret

631 2452 715 2535 ipsis
729 2454 902 2522 introitus.

217 2607 263 2617 -
311 2576 362 2651 18,
379 2576 480 2662 sicque
609 2575 742 2644 deinde.

215 2729 263 2742 —-
309 2693 361 2777 27,
377 2702 432 2785 qni
609 2718 696 2765 cum.

216 2818 268 2898 74,
329 2827 360 2901 1,
375 2828 432 2891 vin
445 2816 561 2895 orruer-
607 2824 739 2891 itineris
756 2830 870 2895 sociis.

375 2924 455 2992 tibus
795 2930 797 2935 ’

212 3085 262 3097 -
329 3052 359 3127 3,
368 3052 516 3137 predicti
608 3046 696 3110 classi.

211 3205 260 3219 -
326 3175 359 3250 9,
377 3175 457 3241 Oeno
608 3169 705 3236 cono
723 3173 777 3237 vel
794 3171 966 3240 conanus.

210 3335 260 3347 -
305 3298 358 3374 10,
376 3299 511 3366 Suaoaes
606 3294 694 3359 M.

210 3460 260 3474 -
304 3426 355 3502 24,
371 3422 548 3492 Prndium
606 3417 691 3484 Erat
708 3427 832 3486 autem.

371 3525 453 3590 enin

209 3679 256 3692 —
299 3684 343 3696 -
367 3651 457 3736 qimi
476 3652 557 3718 ime,-
602 3645 712 3726 quiet
729 3650 828 3730 qnasi
846 3651 1036 3733 exprimis.

362 3771 485 3834 pnmos

207 3900 254 3915 ·-
300 3869 353 3945 29,
368 3868 422 3935 abi
441 3918 451 3938 .
470 3920 476 3934 .
495 3921 502 3935 .
520 3874 556 3938 in
602 3888 703 3952 quem
742 3889 871 3952 praeses
907 3875 1057 3955 regionis
1092 3886 1231 3960 captum
1263 3888 1299 3945 et

368 3990 489 4036 earcere
623 3969 776 4034 vinctum
786 3970 985 4054 imperatori
996 3977 1195 4041 transmisit.
1218 3978 1299 4044 Rex

623 4074 787 4151 tanquam
824 4072 1018 4154 praedonem
1059 4083 1096 4140 et
1125 4074 1298 4143 homicidii

623 4186 717 4231 reum
734 4168 910 4236 detinebat
925 4192 1002 4236 eum
1018 4174 1055 4238 in
1072 4194 1216 4241 earcere.

206 4283 257 4363 75,
316 4290 347 4367 9,
367 4289 555 4359 annonae
599 4292 829 4374 addal’aris„
839 4297 969 4363 Eodem
983 4318 1074 4365 anno
1089 4301 1200 4366 stellae
1212 4304 1297 4369 visae

621 4402 703 4459 sunt
722 4394 792 4460 labi
810 4396 853 4461 de
874 4398 960 4463 eaelo
978 4399 1013 4463 in
1034 4402 1189 4483 partibus
1206 4405 1297 4469 occi·

620 4492 814 4560 dentalibus
838 4497 874 4561 in
896 4496 1031 4582 signum
1049 4501 1151 4567 diotae
1170 4504 1297 4588 stragis

623 4600 658 4658 et
673 4594 894 4663 confusionis.

1127 4721 1151 4765 D
