3334 5734
571 768 772 819 nncrronns
794 768 926 819 venun.
1229 754 1292 821 141

209 891 269 931 m.
286 891 337 929 m.

199 954 273 1030 121,
311 958 344 1031 5,
358 963 461 1020 octove
595 953 687 1022 oddc't
713 954 837 1031 Parin,
862 953 965 1021 'Istic
994 955 1115 1021 diebus
1143 956 1294 1021 sancxit

555 1134 558 1139 ξ
617 1057 655 1121 in
666 1054 814 1120 Francia
826 1055 964 1138 quidam
980 1055 1185 1139 praedicator
1195 1075 1293 1138 egre·

619 1156 711 1237 gius,
740 1174 802 1238 per
830 1174 931 1239 quem
953 1154 1123 1220 Dominus
1147 1157 1294 1221 virtutes

619 1255 734 1338 palam
765 1255 901 1339 operari
937 1253 1099 1337 dignatus
1133 1262 1198 1329 est,
1232 1255 1293 1338 qui

621 1372 760 1419 neuram
776 1355 812 1418 in
825 1353 973 1419 Francia
988 1354 1136 1418 maxime
1150 1361 1294 1419 conatus

622 1460 675 1518 est
685 1453 888 1537 exstirpare,
896 1473 974 1537 quae
983 1473 1089 1519 usura
1097 1454 1134 1517 in
1145 1452 1294 1519 Francia

621 1553 665 1617 ab
693 1552 798 1618 Italia
820 1554 991 1618 transiens
1018 1551 1119 1617 nimis
1145 1552 1293 1636 pulinia-

622 1660 720 1717 verat
735 1659 772 1717 et
789 1652 903 1718 nobile
922 1672 1066 1737 regnum
1084 1652 1294 1718 Francorum

618 1751 692 1835 jam
718 1751 963 1819 maculaverat.
1014 1751 1151 1817 Nomen
1173 1752 1295 1835 proedi·

623 1852 732 1915 ceteri
755 1851 864 1917 Fulco
887 1851 964 1931 fuit,
986 1852 1045 1935 qui
1069 1852 1106 1917 in
1128 1850 1292 1935 Angliam

623 1951 792 2033 quendem
809 1951 1006 2034 religiosum
1027 1951 1071 2016 ed
1095 1950 1296 2036 deponenda

625 2057 780 2133 tempora
807 2051 1000 2118 commercii
1029 2051 1149 2118 diebus
1173 2050 1295 2116 Domi·

624 2149 709 2213 nicia
734 2150 892 2214 abbatem
914 2151 957 2215 de
982 2150 1059 2215 Flai
1085 2149 1294 2228 destinavit3

622 2248 683 2332 qui
708 2248 847 2315 veniens
876 2249 961 2315 illud
991 2250 1232 2315 inconveniens
1256 2249 1294 2314 in

623 2347 835 2414 moltislocin
846 2349 985 2415 delevit.
1004 2349 1294 2434 quuoquetem·

623 2447 1294 2533 poreRobertunSaiopeshiriconsecra·

625 2553 682 2612 tus
698 2554 751 2613 est
765 2549 801 2612 iu
818 2549 1016 2633 episcopum
1031 2550 1074 2614 de
1091 2549 1244 2632 Bangor.

202 2714 256 2727 -
299 2674 551 2762 25,iprcreyi...
601 2671 677 2756 ejm
705 2672 901 2755 homagium
928 2692 1006 2737 cnm
1031 2673 1230 2758 Juramento
1259 2682 1294 2739 et

359 2777 554 2841 Fronooom
624 2771 703 2835 fidei
723 2772 981 2856 interpositione
996 2780 1032 2837 et
1048 2772 1222 2838 obsidibus
1238 2792 1295 2838 ac-

624 2871 735 2954 cepit;
756 2871 807 2937 Oe.
821 2881 850 2936 et
864 2872 906 2935 Ii.

208 2999 282 3075 122,
321 3001 351 3076 1,
368 2995 478 3062 οόωᾰὶι
605 2996 653 3060 Oc.
674 2994 742 3059 and
760 2996 803 3059 Ii.
823 2996 939 3073 insert,
957 2994 1187 3061 ‘Imminebat
1205 2997 1293 3060 enim

624 3094 675 3159 eie
690 3113 753 3179 pro
764 3102 859 3159 certo
875 3095 966 3176 quod
983 3095 1018 3159 in
1034 3095 1131 3160 brevi
1147 3115 1209 3180 per
1223 3115 1295 3160 om·

624 3193 683 3258 nia
716 3192 986 3278 triumphaturus
1015 3194 1105 3260 foret
1136 3214 1200 3259 rex
1231 3195 1295 3260 Ri-

623 3291 770 3358 chardus
809 3294 1069 3377 imperterritus,
1110 3295 1294 3360 secundum

623 3392 708 3457 iilud
728 3393 834 3476 igitur
853 3393 1036 3477 poeticum,
1051 3392 1204 3458 ‘Mobile
1220 3414 1295 3460 ver·

623 3499 721 3558 satur
751 3512 885 3575 semper
924 3513 1002 3559 cum
1032 3494 1186 3579 principe
1220 3494 1296 3561 vul·

623 3592 712 3676 με)

203 3752 257 3766 -
301 3714 556 3793 lastemarico
601 3714 689 3781 dem.

244 3923 328 3977 ’Μὴ
344 3920 452 3993 dicha]
478 3924 579 3974 Diebus
596 3929 679 3975 eutem
695 3926 743 3975 rub
766 3925 828 3975 dum
845 3925 1059 3988 mereremur,
1080 3926 1125 3988 qui
1144 3929 1298 3977 mercaturae

206 3995 304 4047 endem
330 3995 433 4057 quidam
459 3994 610 4056 predicator
635 3996 743 4045 eximiae
767 3995 907 4045 Dominicis
917 3995 1006 4045 diehur
1017 4010 1076 4057 quae
1092 3996 1204 4045 exerceri
1218 3997 1299 4046 colent

207 4066 290 4116 Fuico
300 4066 398 4114 nomine
408 4065 434 4114 in
441 4064 528 4115 Gellia
538 4064 629 4124 floruit,
638 4079 685 4126 pro
692 4079 743 4127 quo
766 4064 868 4115 delevit.
897 4065 991 4114 Eodem
1001 4066 1077 4115 ctiam
1084 4069 1194 4126 ternpore
1205 4064 1299 4115 Robor-

208 4136 336 4186 Dominue
353 4135 438 4198 palam
455 4135 561 4184 virtuter
574 4134 672 4196 operari
688 4134 743 4197 dig·
766 4140 808 4184 tur
819 4134 851 4185 de
862 4134 1033 4197 Saieperhirec
1046 4139 1204 4184 consecratur
1217 4140 1256 4184 ert
1271 4136 1298 4184 in

208 4211 284 4255 natus
295 4209 343 4254 eet.
372 4204 425 4253 Inte
433 4218 535 4253 neuram
546 4204 572 4252 in
584 4203 743 4265 Francorum,
766 4206 912 4267 episcopum
928 4204 960 4254 de
977 4204 1166 4267 Bouron—Ge.
1177 4207 1201 4253 et
1212 4202 1255 4266 R„
1271 4204 1298 4253 in

208 4277 319 4324 maxime
329 4274 355 4323 in
366 4273 493 4323 Flandriae
508 4274 743 4335 pertihur‚conatnr
767 4273 850 4324 which
871 4274 946 4324 MSS.
965 4274 1019 4323 alec
1041 4273 1111 4323 there
1130 4273 1230 4323 ioilowr
1255 4273 1297 4324 the

206 4351 247 4394 ert
255 4346 403 4406 exstirpare,
412 4358 470 4405 qure
481 4358 514 4393 cx
525 4343 743 4405 partihuciteiicir
766 4344 857 4407 legend
869 4345 1018 4407 concerning
1028 4343 1070 4394 the
1086 4343 1176 4407 knight
1190 4343 1241 4392 and
1256 4343 1298 4393 the

206 4416 312 4464 veniens
336 4419 421 4475 parter
445 4413 588 4474 Cisalpinae
615 4413 742 4464 iniecerat.
766 4414 870 4463 cruciflx
880 4414 1000 4464 recorded
1011 4415 1044 4476 by
1052 4414 1193 4464 Wendever
1205 4413 1298 4477 below,

207 4484 321 4534 Concilio
342 4484 417 4533 etiam
443 4483 513 4532 illiue
537 4487 577 4532 eet
600 4483 693 4532 micenr
715 4484 741 4532 in
766 4485 815 4533 vol.
829 4485 864 4534 ir.
875 4500 902 4546 p.
913 4488 1044 4548 iterem.

207 4554 329 4617 Anglinm
339 4552 426 4603 eodem
437 4558 547 4614 tempere
557 4551 590 4602 cd
600 4552 742 4614 predican-
