3334 5734
551 806 750 857 nnomouns
773 809 905 860 venis.
1202 793 1269 861 289

180 929 238 970 m.
261 931 315 972 ΠΙ.

170 990 245 1071 287,
262 996 316 1072 29,
336 993 500 1061 Wollmi·
569 993 662 1059 addit
678 994 803 1073 Poris,
816 1003 853 1061 et
863 996 998 1062 videtur
1014 998 1078 1063 hcc
1094 997 1217 1064 fecisse
1230 1000 1266 1064 in

342 1093 397 1160 loe
591 1093 706 1160 odium
724 1106 760 1162 et
775 1096 936 1162 domnum
952 1096 1056 1181 regis.

170 1218 245 1296 288,
285 1215 521 1298 Demodoc-
567 1216 686 1285 duent.

336 1320 381 1384 αἵ

168 1474 221 1487 -
266 1443 318 1519 15,
334 1441 459 1509 reddere
567 1439 737 1506 redditum
750 1449 954 1508 restaurare.

168 1597 221 1612 -
265 1561 518 1732 numm
566 1562 661 1630 dant.

168 1829 221 1843 -
265 1788 437 1876 31‚plsm
566 1788 682 1873 plnres
699 1789 850 1856 discreti.

169 1912 246 1988 289,
284 1914 316 1990 2,
326 1913 484 2000 partiam
566 1912 658 1979 addit
682 1912 805 1992 Poris,
827 1912 930 1978 Circe
944 1911 1034 1976 idem
1050 1918 1186 1998 tempus
1200 1933 1263 1980 rex

589 2010 727 2097 Angliae
749 2012 922 2077 Henricus
946 2011 1118 2095 quandem
1140 2014 1263 2079 decen-

589 2119 659 2178 tem
706 2112 884 2179 ecclesiam
928 2118 965 2177 et
1003 2112 1263 2196 congregationi

589 2212 808 2278 conventuali
832 2208 1067 2289 sufficientem,
1088 2230 1166 2276 cum
1188 2213 1263 2296 qni·

589 2311 733 2377 busdam
751 2310 905 2376 aedificiis
921 2310 1169 2395 adjacentibus,
1186 2331 1263 2395 pro-

590 2412 674 2495 priis
701 2411 895 2495 sumptibus
919 2410 1100 2476 fabricavit
1121 2411 1158 2475 in
1185 2411 1262 2476 loco

589 2511 649 2576 nbi
673 2509 810 2575 domum
834 2510 1099 2587 conversorum,
1123 2529 1185 2594 pro
1212 2530 1266 2576 re-

590 2609 786 2694 demptione
815 2610 938 2674 animm
982 2628 1055 2674 suae
1089 2618 1131 2682 ¹et
1172 2611 1264 2693 regis

448 2781 452 2786 Α
589 2708 761 2775 Jobsnnis
799 2709 909 2792 petris
947 2708 1000 2772 sni
1042 2716 1078 2774 et
1110 2710 1260 2774 omnium

590 2818 844 2873 antecessorum
889 2826 1040 2885 snorum,
1085 2809 1263 2875 constituit

591 2927 681 2973 enno
714 2908 810 2991 regni
843 2906 898 2972 sui
935 2905 1066 2971 decimo
1104 2910 1262 2991 septimo,

590 3007 749 3073 videlicet
762 3006 961 3082 Londoniis,
982 3004 1075 3070 band
1096 3008 1217 3091 procul
1240 3027 1263 3074 u

589 3105 711 3172 Veteri
733 3105 898 3190 Templo;
928 3104 972 3170 ed
994 3124 1097 3188 quam
1123 3106 1262 3172 domum

589 3205 826 3289 confugientes
860 3204 978 3270 Judei
1008 3207 1174 3284 conversi,
1207 3226 1261 3272 re-

590 3305 673 3372 licto
699 3304 871 3370 Judeismi
893 3308 1059 3383 ceecitete,
1085 3306 1150 3370 sub
1176 3326 1262 3390 qun·

589 3404 668 3469 dam
683 3404 829 3471 honeste
845 3404 980 3470 vivendi
996 3404 1117 3487 regule
1131 3413 1261 3471 certum

590 3503 755 3569 baberent
778 3506 815 3570 in
839 3511 914 3570 tota
934 3505 1008 3571 vitu
1034 3524 1099 3570 sne
1125 3505 1261 3571 domici-

590 3604 685 3683 lium,
704 3610 817 3670 tntum
837 3604 1019 3687 refugium,
1041 3612 1077 3670 et
1093 3602 1262 3670 sufficiens

589 3705 672 3770 vitto
699 3711 1020 3782 sustentamentum,
1046 3704 1119 3769 sine
1145 3705 1261 3770 servili

589 3803 707 3870 labore
749 3810 785 3868 et
829 3804 970 3869 foenoris
1017 3803 1260 3870 emolumento.

591 3903 692 3969 Unde
725 3902 852 3968 sectum
885 3910 950 3979 est,
980 3902 1070 3986 quod
1100 3904 1136 3967 in
1164 3904 1261 3968 brevi

589 4009 819 4087 congregatus
847 4009 900 4067 est
928 4001 1052 4066 ibidem
1081 4021 1259 4068 converso

590 4122 666 4167 rum
692 4121 854 4168 numerus
876 4101 1047 4186 copiosus,
1070 4107 1107 4167 et
1135 4102 1259 4168 ibidem

589 4202 753 4287 baptizoti
771 4209 807 4267 et
824 4201 1094 4267 Christianorum
1115 4202 1192 4285 lege
1205 4201 1260 4266 in·

589 4303 712 4369 structi
740 4303 862 4368 vivunt
892 4299 1119 4379 laudabiliter,
1148 4302 1259 4384 perito

589 4412 721 4468 rectore
739 4403 782 4468 ud
804 4401 870 4467 boc
888 4400 1081 4486 specialiter
1095 4400 1260 4485 deputato

589 4503 781 4585 gnbemati.
816 4501 981 4567 Similiter
991 4499 1121 4583 Spiritu
1131 4500 1260 4567 Sancto

590 4610 704 4671 tectus
721 4611 756 4668 et
771 4601 911 4687 pietatis
931 4600 1058 4667 intuitu
1078 4619 1261 4686 compunc-

1086 4716 1110 4767 U
