3334 5734
571 804 769 853 nscrrouns
792 804 924 852 venre.
1224 787 1290 851 169

196 988 338 1073 spondit
353 1007 427 1064 rex,
443 992 453 1022 ‘
470 986 657 1068 Nunquam
674 984 743 1067 legi
758 985 814 1050 vel
830 986 959 1063 audiri,
974 985 1066 1068 quod
1082 985 1207 1070 aliquis
1224 1006 1286 1050 rex

196 1098 267 1155 tam
283 1106 483 1172 prosperum
500 1104 644 1167 regnum
658 1085 836 1167 possidens
851 1085 1042 1170 subJectum
1059 1094 1095 1150 et
1116 1085 1290 1162 obediens,

196 1207 299 1252 suum
323 1188 374 1251 sic
405 1187 509 1250 vellet
533 1190 656 1267 sponte
679 1183 890 1267 pessundare
919 1186 1159 1268 principatum,
1183 1193 1222 1249 nt
1246 1185 1289 1249 de

197 1288 306 1352 libero
337 1286 466 1350 faceret
501 1284 730 1358 tributarium,
761 1283 804 1346 de
839 1303 902 1348 sno
934 1284 1096 1360 alienum,
1126 1285 1169 1349 de
1200 1284 1290 1349 felici

198 1387 373 1462 miserum
391 1393 427 1449 et
450 1402 488 1447 se
512 1382 665 1460 alterius,
688 1390 853 1465 tanquam
880 1384 953 1448 sine
984 1384 1124 1448 vnlnere
1149 1385 1292 1461 rictum,

199 1485 325 1550 dedere
358 1482 537 1548 voluntati.
587 1480 750 1560 Quinimo
778 1480 821 1545 de
855 1481 972 1546 multis
1000 1482 1069 1565 legi
1102 1490 1138 1547 et
1164 1484 1293 1560 audivi,

201 1584 295 1667 quod
320 1583 419 1648 multi
443 1581 622 1663 sanguinis
638 1579 802 1644 effusione
824 1588 860 1644 et
877 1580 1045 1664 profluvio
1068 1583 1133 1647 sibi
1155 1582 1292 1648 liberta·

204 1693 287 1762 tem,
319 1682 411 1766 quod
441 1679 611 1746 laudabile
645 1679 721 1758 fuit,
752 1689 1016 1763 compararent3
1049 1681 1150 1746 modo
1176 1689 1291 1751 antem

202 1783 319 1860 audio,
337 1781 428 1866 quod
442 1781 600 1845 dominus
616 1786 731 1844 vester
750 1779 865 1858 miser,
884 1780 982 1845 deses
1004 1788 1040 1846 et
1054 1781 1211 1859 imbellis,
1232 1782 1293 1864 qni

201 1882 299 1947 nullo
325 1881 451 1945 nullior
478 1889 544 1956 est,
571 1879 613 1942 de
641 1879 748 1943 libero
772 1897 892 1944 servus
922 1880 996 1943 fieri
1024 1880 1206 1958 desiderat,
1235 1881 1294 1963 qni

201 1981 355 2047 omnium
381 1978 575 2044 mortalium
599 1978 807 2042 miserrimus
833 1979 910 2044 est.’
962 1978 1091 2044 Postea
1114 1999 1210 2057 vero,
1232 1980 1293 2044 sed

203 2101 282 2146 cum
308 2086 520 2161 contemptu,
546 2078 726 2161 inquisivit
749 2077 850 2162 cujus
872 2079 986 2143 oetatis
1009 2088 1112 2156 esset,
1137 2086 1293 2155 staturae,

204 2200 247 2246 ac
273 2178 500 2245 strenuitatis.
552 2177 617 2242 Cui
650 2195 850 2259 responsum
885 2185 950 2256 est,
981 2178 1073 2261 quod
1101 2184 1205 2243 aetate
1230 2177 1296 2243 fnit

205 2278 523 2364 quinquagenarius
552 2283 588 2341 et
612 2277 751 2340 omnino
780 2296 899 2355 canus,
927 2296 1069 2360 corpore
1094 2277 1203 2353 fortis,
1232 2297 1294 2341 nec

207 2397 384 2463 procerus,
408 2378 468 2442 sed
495 2376 611 2460 potius
642 2383 853 2458 compactus,
886 2385 922 2441 et
951 2376 1069 2441 samse
1099 2376 1143 2441 ad
1172 2376 1296 2441 robora

206 2477 452 2544 convenientis.
507 2474 609 2555 Quod
627 2494 703 2539 cnm
724 2475 878 2541 audisset
898 2495 972 2553 rex,
990 2475 1177 2559 respondit,
1194 2475 1297 2541 ‘Vir-

209 2586 267 2644 tns
296 2579 373 2663 ejus
397 2575 564 2661 juvenilis
594 2592 635 2639 ac
668 2573 776 2640 virilis
806 2574 917 2658 tepuit
942 2576 1017 2659 jam
1039 2583 1075 2639 et
1096 2576 1296 2658 refrigescit.

211 2678 306 2742 [nfra
341 2675 555 2750 decennium,
591 2673 673 2738 dato
714 2673 806 2755 quod
848 2682 920 2738 tam
952 2674 1010 2739 diu
1046 2675 1200 2739 victurus
1239 2676 1296 2753 sit,

208 2775 418 2860 virtusejus
442 2773 576 2839 deficiet
600 2779 785 2856 antequam
811 2773 956 2838 arduum
978 2772 1060 2856 quid
1083 2793 1297 2838 cousumma-

209 2878 319 2957 verit3
349 2875 381 2939 si
402 2893 493 2938 nnnc
517 2871 692 2954 inciperet,
706 2873 742 2935 in
758 2871 928 2937 defectum
942 2872 1142 2950 declinaret,
1157 2892 1219 2937 nec
1236 2874 1296 2938 ali·

209 2975 292 3059 quid
326 2974 467 3038 valeret.
519 2971 844 3053 Quinquagenarius
876 2972 965 3035 enim
998 2970 1123 3036 decidit
1154 2972 1299 3049 occulte,

209 3073 459 3156 sexagenarius
474 3070 664 3136 manifeste.
716 3068 843 3134 Pacem
860 3070 1043 3136 decaetero
1059 3070 1125 3135 sibi
1140 3071 1299 3154 adquirat

209 3182 246 3238 et
260 3173 439 3257 quiescat!
491 3170 666 3251 Colligens
679 3187 761 3251 ergo
776 3170 892 3234 omnia
903 3170 1068 3252 inquisita
1081 3178 1117 3235 et
1134 3189 1299 3253 responsa

209 3274 421 3349 nuntiorum
443 3277 523 3354 post
545 3288 689 3352 parvum
714 3268 897 3345 silentium,
920 3269 1014 3333 facta
1034 3269 1300 3335 subsannatione

209 3374 247 3436 in
268 3373 405 3454 signum
432 3387 566 3450 magnae
588 3368 846 3449 indignationis,
869 3369 1000 3451 sprevit
1022 3369 1080 3432 ille
1101 3369 1298 3435 admiralius

210 3490 327 3553 regem
351 3469 544 3534 Johunnem
569 3466 697 3543 dicens,
716 3465 876 3531 ‘Nullius
902 3476 955 3533 est
978 3486 1040 3532 rex
1064 3467 1135 3546 ille,
1160 3469 1219 3533 sed
1249 3489 1302 3535 re·

210 3571 315 3653 gulus
336 3570 411 3654 jam
433 3567 603 3650 desipiens
625 3573 661 3630 et
681 3585 874 3643 senescens,
903 3586 965 3631 nec
989 3586 1071 3632 curo
1092 3568 1135 3632 de
1161 3587 1222 3649 eo;
1248 3570 1300 3634 in-

209 3671 336 3751 dignus
361 3675 415 3732 est
440 3666 523 3730 mihi
546 3664 771 3731 confoederari
786 3666 807 3744 3⁹
832 3674 869 3730 et
891 3666 1104 3749 conspiciens
1130 3667 1298 3733 Thomam

212 3777 249 3833 et
267 3766 490 3850 Radulplrum
508 3772 607 3830 torvo
622 3764 722 3829 vultu
737 3765 799 3842 uit,
815 3771 826 3800 ‘
840 3764 875 3830 N
877 3785 921 3829 on
945 3766 1093 3831 redeatis
1111 3767 1234 3831 iterum
1256 3768 1300 3833 ad

211 3888 324 3933 meam
359 3866 589 3951 praesentiam,
628 3883 689 3928 uec
722 3862 862 3929 videant
893 3865 983 3929 oculi
1016 3865 1123 3930 vestri
1155 3866 1302 3948 amplius

212 3968 335 4032 faciem
348 3985 471 4030 meam.
524 3963 644 4040 Fama,
668 3962 728 4027 sed
752 3964 867 4045 potius
888 3963 1038 4040 iufamia,
1056 3962 1183 4027 domini
1198 3967 1303 4030 vestri

208 4067 285 4152 jam
311 4072 481 4150 apostata
506 4061 707 4146 desipientis
729 4061 886 4128 soetorem
911 4062 1051 4126 exhalat
1065 4062 1101 4125 in
1116 4073 1300 4146 conspectu

213 4185 292 4231 meo
308 4162 543 4230 teterrimum'
594 4161 846 4227 Recedentibus
863 4162 970 4244 igitur
984 4180 1060 4225 cum
1079 4162 1202 4226 rubore
1218 4183 1305 4226 nun·

215 4266 286 4341 tiis,
308 4264 506 4329 intuebatur
532 4280 594 4325 rex
619 4261 677 4324 ille
703 4260 901 4326 admiralius
926 4262 1116 4326 Robertum
1132 4260 1304 4341 clericum,

214 4365 275 4447 qui
305 4363 428 4428 tertius
452 4370 528 4426 erat
558 4361 767 4438 nuntiorum,
797 4361 858 4442 qui
879 4379 1007 4444 parvus
1034 4367 1109 4423 erat
1133 4367 1169 4424 et
1197 4361 1305 4443 niger,

214 4482 320 4532 unum
338 4460 515 4528 brachium
538 4459 673 4542 longius
693 4459 823 4524 habens
840 4458 971 4543 reliquo
987 4467 1023 4524 et
1036 4459 1163 4540 digitos
1180 4460 1305 4525 inordi-

216 4570 330 4639 natos,
350 4560 482 4626 scilicet
498 4560 585 4625 duos
601 4559 667 4624 sibi
684 4560 906 4636 cohaerentes,
928 4567 963 4624 et
976 4557 1097 4624 saciem
1111 4559 1135 4623 J
1139 4559 1303 4626 ndaicam.
