3334 5734
564 789 762 848 LEGTIONBS
786 792 917 841 vuum.

179 918 470 1058 {timidum
582 979 731 1061 upatria
745 997 810 1043 sua
826 978 933 1043 miles.

191 1137 195 1142 -
342 1080 458 1166 rm

178 1243 233 1255 -
276 1238 320 1302 -·
343 1202 480 1268 maheu
579 1202 672 1268 odda
695 1203 820 1282 Paris,
854 1204 900 1269 Et
932 1203 1006 1269 hec
1034 1202 1278 1280 misericordia,

601 1322 704 1387 quam
740 1304 822 1369 fecit
857 1304 934 1388 pius
971 1323 1034 1368 rex
1068 1302 1277 1379 Richardus,

601 1422 679 1468 cum
696 1403 774 1469 uilis
791 1402 894 1489 hujus
911 1403 1084 1487 operibus,
1100 1402 1226 1487 ipsum,
1237 1411 1277 1469 nt

600 1502 829 1582 credimus,a
860 1503 1020 1588 periculis
1046 1503 1276 1569 damnationis

600 1610 636 1668 et
651 1601 867 1669 cruciatuum
881 1603 985 1669 citius
997 1603 1168 1669 liberavit.

180 1729 257 1804 239,
276 1729 329 1803 35,
346 1728 468 1813 apum
577 1725 672 1792 addit
691 1726 816 1806 Paris,
838 1728 886 1794 Et
906 1728 995 1794 sicut
1015 1727 1197 1793 rebellibus
1220 1727 1275 1794 leo

600 1826 666 1893 fuit
713 1828 975 1912 imperterritus,
1016 1827 1067 1894 sic
1112 1827 1275 1893 modestis

601 1944 712 2010 agnus
738 1926 804 1993 suit
831 1935 1053 2009 mansuetus;
1078 1927 1134 1993 leo
1155 1947 1276 2012 super·

601 2026 713 2105 andis,
726 2045 838 2110 ugnus
854 2027 1036 2112 superatis.

177 2149 255 2225 240,
294 2147 405 2224 altor·
578 2149 747 2237 quiajam
763 2151 859 2216 venit
875 2159 1022 2235 tempus.

175 2309 229 2320 -
293 2311 321 2325 -
337 2267 515 2358 poeaoiibar
578 2274 785 2391 penalibus,
814 2281 962 2342 excoctu
990 2274 1168 2358 culparum
1198 2290 1275 2337 sco·

599 2393 661 2439 rm.

178 2496 256 2574 241,
292 2495 324 2573 2,
343 2493 463 2561 Witlor
576 2497 746 2578 Witham,
761 2499 838 2565 sive
858 2498 1050 2564 Robertum
1066 2497 1109 2562 de
1124 2495 1274 2578 Thinge,

599 2599 742 2664 militem
773 2607 809 2665 ct
832 2599 945 2663 virum
969 2615 1183 2682 generosum,
1213 2593 1274 2659 sod

598 2698 648 2763 sic
665 2698 859 2782 palliatum.

177 2822 255 2896 242,
273 2822 327 2896 19,
340 2817 528 2904 ilriupami-
577 2821 725 2903 Thinge,
753 2820 894 2905 juvenis
928 2818 1068 2901 elegans
1103 2825 1140 2882 et
1177 2815 1274 2880 miles

341 2917 530 2984 aramum
598 2929 770 2998 strenuus,
789 2940 835 2998 ex
851 2919 1006 3004 partibus
1020 2915 1159 3000 Anglioe
1176 2915 1275 2998 nqui-

599 3020 773 3085 lonaribns
793 3020 962 3103 originem
986 3017 1185 3102 proeclaram
1208 3015 1271 3080 du·

597 3139 688 3185 cens.

175 3245 252 3319 243,
270 3243 323 3318 20,
338 3241 528 3327 adproprio
576 3243 796 3329 repatriandi.

342 3341 513 3407 moriondi

174 3502 227 3514 -
272 3466 528 3543 tamma
575 3469 818 3535 Decesserunt.

175 3591 253 3666 244,
271 3590 324 3664 18,
333 3589 527 3675 noscapro
577 3601 690 3659 tutum
705 3592 850 3658 forsitan
868 3610 937 3657 non
954 3600 1056 3658 esset.

341 3695 466 3754 uocum

172 3855 226 3868 -
269 3813 324 3889 26,
334 3812 528 3879 Bauium
577 3816 765 3881 Britonem.

173 3976 226 3986 —
272 3940 327 4017 28,
343 3939 466 4025 arpenti
575 3938 667 4004 adda
687 3938 813 4016 Paris,
838 3943 1048 4014 numeratas,
1067 3943 1104 4000 et
1125 3933 1269 3999 consilio

598 4039 707 4117 Petri,
732 4036 983 4105 wintoniensis
1009 4034 1172 4119 episcopi,
1195 4033 1269 4118 jam

598 4140 634 4204 in
646 4138 933 4222 omnipotentatu
951 4133 1169 4200 dominantis.

174 4306 227 4317 -
271 4264 327 4339 29,
345 4263 513 4329 Pictoreu-
576 4262 668 4329 addit
687 4261 813 4339 Paris„
833 4257 1012 4325 memorati
1033 4257 1186 4344 episcopi
1210 4279 1269 4324 ne·

346 4383 408 4428 um
596 4371 712 4448 potem
729 4361 784 4428 vel
798 4359 915 4425 filium.

176 4529 228 4541 -
274 4486 527 4572 3l,uouplsou..
577 4488 740 4573 gravidos
757 4494 793 4552 et
810 4485 953 4552 refertos
970 4485 1170 4569 reportavit.

345 4588 505 4672 repararit

1117 4699 1140 4744 r
