3334 5734
564 794 769 845 encrrorns
792 796 922 846 venre.
1224 779 1291 846 227

249 980 534 1065 procurationem,
558 979 802 1057 visitationem,
826 986 862 1046 et
883 977 1110 1044 omnimodam
1127 978 1289 1064 jurisdic-

247 1081 373 1147 tionem
386 1101 396 1161 3
425 1087 657 1164 propterque
674 1079 717 1144 ed
733 1098 860 1163 papam
875 1079 941 1145 fuit
957 1079 1180 1164 appellatum.

197 1222 254 1259 ΡΛΘ.
288 1222 341 1260 un.

198 1281 251 1361 76,
312 1285 343 1361 2,
361 1282 523 1348 Balearic
595 1283 765 1347 Bavariae.

198 1402 252 1483 77,
290 1405 545 1480 inebriatione
593 1406 686 1472 addit
707 1404 832 1483 Poris,
853 1413 889 1471 et
910 1425 979 1471 non
998 1405 1144 1489 segnitie
1164 1405 1291 1471 ibidem

617 1506 792 1591 pigritare.

199 1625 251 1707 79,
290 1631 341 1707 29,
360 1629 469 1695 -Vaao
594 1631 686 1696 addit
709 1630 834 1708 Paris„
857 1629 938 1695 Hoc
960 1648 1053 1696 anno
1073 1630 1293 1715 comprehen-

618 1750 677 1795 sus
694 1729 760 1795 fuit
772 1730 923 1814 quidam,
943 1730 1062 1813 paucis
1076 1730 1196 1796 diebus
1211 1740 1292 1796 ante

619 1830 801 1895 concilium
824 1829 1032 1895 celebratum
1049 1827 1248 1896 cantuariae
1269 1850 1291 1896 a

620 1930 787 2012 magistro
826 1928 1014 2013 Stephano,
1052 1929 1292 1996 Cantuariensi

620 2028 887 2112 archiepiscopo,
904 2028 1033 2095 babens
1046 2031 1083 2097 in
1099 2050 1242 2115 corpore
1258 2038 1294 2095 et

620 2128 791 2206 membris,
816 2128 948 2194 scilicet
972 2130 1009 2193 in
1035 2129 1156 2209 latere,
1185 2129 1292 2195 muni·

619 2228 696 2305 bus,
726 2228 940 2311 etpedibus,
967 2229 1119 2315 quinque
1150 2229 1295 2294 vulnera

620 2326 804 2409 Cmcifixi3
828 2335 864 2393 et
874 2329 909 2391 in
921 2327 1014 2393 dicto
1030 2328 1174 2395 concilio
1190 2329 1293 2394 simul

619 2447 695 2491 cum
730 2446 783 2504 eo,
812 2428 991 2512 utriusque
1017 2448 1135 2506 sexus,
1160 2428 1292 2494 scilicet

618 2526 928 2610 hermaphroditus,
969 2527 1122 2612 ejusdem
1168 2526 1293 2593 erroris

619 2646 688 2710 quo
708 2627 803 2710 prior
826 2626 1035 2704 obcaeoatus,
1056 2628 1122 2693 fuit
1135 2648 1213 2693 cum
1228 2647 1294 2693 suo

619 2726 784 2810 complice
810 2733 1063 2810 praesentatum
1096 2747 1293 2811 superque

619 2826 769 2892 convicti
789 2834 825 2891 et
840 2825 976 2908 publice
998 2826 1144 2891 confessi
1159 2824 1292 2910 judicio

618 2925 774 2991 ecclesiae
801 2924 913 3008 puniti
936 2923 1085 2991 fuerunt.
1131 2925 1294 2990 Similiter

619 3023 809 3109 etquidem
827 3030 989 3106 apostata
1005 3022 1028 3088 J
1030 3024 1162 3103 ndaeus,
1179 3024 1292 3090 factus

619 3143 664 3189 ex
680 3123 877 3189 Christiano
898 3122 1072 3201 diaconus,
1095 3125 1154 3207 qni
1174 3123 1293 3189 simili·

620 3230 673 3287 ter
696 3229 750 3288 est
770 3221 982 3307 judicialiter
1012 3224 1164 3307 punitus,
1191 3243 1291 3307 quem

621 3322 727 3387 Falco
747 3321 866 3386 statim
881 3330 1054 3407 arreptum
1068 3323 1232 3407 suspendi
1246 3324 1293 3389 fe-

619 3422 676 3486 cit.
716 3421 914 3505 Eodemque
930 3441 1020 3488 anno
1033 3423 1118 3489 obiit
1128 3423 1237 3507 Hugo
1249 3422 1292 3489 de

621 3521 772 3599 Nevilla,
793 3522 910 3605 quiin
932 3527 1008 3587 tota
1023 3522 1207 3607 juventute
1228 3543 1293 3590 sue

620 3629 772 3705 tempore
790 3621 883 3704 regis
910 3621 1075 3687 Richardi
1099 3624 1142 3689 de
1162 3624 1293 3689 familia

621 3721 762 3805 speciali
792 3720 945 3806 ejusdem
976 3723 1068 3805 regis
1098 3724 1291 3789 exstiterat.

619 3819 716 3886 Inter
730 3827 857 3885 caetera
877 3840 949 3884 suae
972 3822 1156 3905 probitatis
1178 3830 1214 3888 et
1230 3842 1292 3888 au-

620 3920 728 3986 daciae
763 3920 926 4003 insignia,
959 3920 996 3984 in
1032 3921 1143 3986 Terra
1171 3929 1293 3988 sancta

620 4020 753 4084 leonem
774 4019 957 4096 interfecit,
979 4021 1040 4104 qui
1065 4021 1159 4103 prius
1183 4022 1291 4103 segit-

620 4128 714 4185 tatus
740 4119 776 4183 in
805 4126 944 4202 pectore
969 4125 1007 4183 et
1030 4126 1151 4203 postea
1177 4120 1293 4202 gladio

620 4218 918 4284 transverberatus
948 4219 1100 4301 eliquato
1125 4222 1293 4304 sanguine

620 4319 834 4402 exspiravit3
857 4318 947 4383 unde
964 4338 1096 4398 versus,

672 4445 787 4504 Vrribns
801 4445 936 4524 Hugonis
948 4446 1023 4505 vires
1036 4445 1144 4524 periere
1156 4446 1254 4506 leonis.

622 4565 741 4651 Hujus
759 4587 884 4652 corpus
905 4568 940 4631 in
963 4567 1108 4633 ecclesia
1130 4567 1173 4632 de
1186 4566 1295 4634 Wan-

1145 4692 1161 4727 e
1177 4678 1194 4727 r
