3334 5734
627 793 913 843 ruraonucrros.
1280 781 1318 843 ix

231 1042 281 1107 De
301 1042 489 1106 eoroootiooe
509 1042 588 1128 repis
607 1043 755 1108 Willehm’
777 1045 893 1131 peimi,
918 1045 972 1130 qai
1002 1045 1182 1129 Conquestor
1196 1043 1320 1129 Anyti«

329 1141 456 1217 dieitur,
467 1143 885 1230 intumuitorepsHoroldo,
895 1145 950 1230 qai
962 1144 1029 1209 Deo
1036 1143 1145 1229 yhde'ce
1159 1152 1187 1208 et
1199 1143 1320 1209 vindice

322 1250 453 1326 propter
465 1240 637 1326 maharu
650 1264 739 1307 mm
747 1244 856 1329 periit.

280 1371 385 1438 Auno
396 1373 587 1440 Dominicae
598 1376 843 1440 incarnationis
859 1392 1013 1453 uuxvu,
1023 1376 1228 1458 interempto
1238 1394 1319 1454 rege

233 1474 381 1554 superbo
406 1481 441 1539 et
462 1474 619 1539 falsidico
641 1465 812 1553 Haraldo,
837 1476 909 1541 dux
937 1474 1213 1540 Normannorum
1232 1474 1321 1539 Wil-

232 1570 354 1636 lelmus
379 1573 607 1657 triumphator
629 1575 843 1657 magnificos,
867 1576 1009 1640 obtenta
1032 1582 1153 1639 contra
1173 1573 1239 1638 sibi
1261 1574 1320 1638 ad-

232 1679 408 1737 versantes
438 1674 616 1755 inopinata
639 1675 795 1753 victoria,
828 1674 948 1740 urbem
979 1674 1080 1738 loetus
1110 1673 1195 1738 adiit
1229 1673 1321 1737 Lon·

232 1769 418 1835 doniarum.
471 1772 541 1838 Ubi
566 1781 705 1856 propter
732 1793 830 1839 suam
861 1774 953 1857 piam
978 1773 1147 1858 Justitiam
1182 1780 1218 1837 et
1241 1773 1318 1858 jus·

232 1877 304 1934 tam
326 1872 502 1955 pietatem,
532 1891 665 1937 neonou
695 1881 731 1939 et
763 1874 894 1939 militiae
919 1892 992 1937 suaa
1018 1872 1269 1950 strenuitatem,
1296 1891 1318 1937 a

233 1969 325 2035 clero
356 1977 391 2035 ct
418 1972 546 2056 populo
579 1991 654 2036 cum
682 1993 814 2038 summa
841 1973 1052 2037 exultatione
1076 1978 1256 2055 susceptus
1281 1972 1317 2035 in

235 2071 340 2134 verbo
370 2071 527 2135 veritatis
566 2073 722 2136 omnihus
760 2091 879 2157 paoem
913 2080 948 2136 et
979 2072 1159 2136 veritatem
1192 2069 1317 2153 Anglis

234 2168 461 2235 denuntiavit.
514 2168 617 2235 Cives
634 2178 761 2248 autom,
783 2172 843 2254 qui
861 2172 905 2235 ab
926 2171 1084 2236 Haraldo
1109 2178 1257 2254 tyranno
1282 2178 1318 2234 et

233 2267 387 2350 improbo
404 2276 565 2334 exactore
583 2270 722 2357 injustis
737 2271 976 2336 exactionibus
991 2278 1027 2334 et
1042 2269 1193 2352 augariis
1209 2270 1318 2335 veluti

234 2367 279 2430 ab
305 2367 415 2432 altero
440 2369 629 2434 Boemredo
657 2371 909 2453 premebantur,
936 2370 1049 2454 ipsum
1072 2370 1192 2434 ducem
1218 2369 1318 2452 qnasi

234 2465 381 2532 hostiam
390 2468 433 2533 de
442 2469 528 2534 caelo
537 2471 785 2549 transmissam,
795 2471 831 2534 in
842 2469 1036 2535 muneribus
1052 2467 1318 2553 pretiosissimis,

234 2565 270 2629 in
301 2567 445 2633 classico
475 2587 730 2652 campanarum,
761 2569 1037 2653 processionibus
1068 2568 1316 2651 religiosorum,

234 2684 312 2730 cum
329 2668 420 2732 omni
435 2668 615 2735 alacritate
630 2670 850 2748 honorantes,
867 2670 979 2753 ipsum
1001 2687 1117 2751 regem
1131 2668 1318 2732 communi·

235 2771 287 2829 ter
330 2767 616 2847 acclamaverunt,
660 2769 919 2852 Dominicaequo
955 2767 1146 2833 nativitatis
1180 2767 1236 2832 die
1272 2768 1317 2831 ab

236 2863 398 2944 Aldredo,
424 2867 631 2933 Eboracensi
652 2868 920 2952 archiepiscopo,
943 2868 1040 2950 regni
1065 2867 1223 2931 &adema
1243 2886 1316 2931 sns-

235 2966 335 3047 cepit.
386 2967 517 3032 Timuit
539 2968 629 3032 euim
657 2968 723 3032 hoc
751 2986 876 3031 munus
907 2966 1174 3031 consecrationis
1198 2983 1221 3030 a
1245 2965 1336 3037 Sti·,

235 3065 361 3145 gando,
388 3064 625 3132 Cantuariensi
653 3066 921 3148 archiepiscopo,
947 3066 1130 3147 suscipere,
1156 3083 1197 3128 eo
1224 3065 1317 3147 quod

235 3163 413 3246 illegitime
457 3171 687 3248 occupaverat
719 3164 812 3228 iilius
851 3163 1089 3228 excellentiam
1127 3162 1316 3246 dignitatis.

236 3262 382 3340 Deinde,
398 3263 565 3346 homagiis
580 3265 827 3346 amaguatibus
840 3282 918 3328 cum
935 3262 1109 3329 fidelitatis
1120 3263 1317 3348 juramento

236 3361 479 3444 obsidibusque
506 3363 685 3446 susceptis,
712 3364 749 3427 in
774 3382 882 3444 reguo
914 3361 1136 3428 confirmatus
1162 3363 1318 3427 omnibus

236 3461 296 3543 qui
321 3460 365 3524 ad
392 3480 532 3543 regnum
562 3463 800 3545 aspiraverant
828 3461 942 3528 factus
965 3469 1018 3527 est
1040 3462 1173 3527 terrori.
1225 3461 1319 3527 Civi-

236 3560 366 3624 tatibus
390 3560 496 3643 igitur
520 3568 556 3626 et
574 3561 696 3626 castris
718 3562 893 3647 dispositis
919 3561 1134 3646 propriisque
1154 3562 1318 3626 ministris

236 3658 417 3742 impositis,
448 3661 491 3724 ad
524 3659 771 3726 Normanniam
802 3681 880 3726 cum
907 3662 1083 3727 obsidibus
1115 3659 1253 3743 Anglioe
1282 3668 1319 3726 ot

235 3759 404 3823 thesauris
434 3760 619 3825 innumeris
657 3762 847 3844 navigavit,
878 3762 1001 3845 quihus
1034 3761 1252 3826 incarceratis
1282 3770 1318 3826 et

237 3859 302 3923 sub
318 3868 414 3924 arcta
429 3861 585 3925 custodia
594 3860 768 3944 deputatis
783 3861 827 3925 ad
839 3860 1003 3944 Angliam
1017 3860 1129 3925 denuo
1143 3861 1317 3925 remeavit.

238 3956 283 4021 Et
291 3958 379 4042 jam,
393 3959 470 4024 Deo
483 3959 584 4037 irato,
602 3961 822 4043 tyrannizans
839 3960 1125 4027 commilitonibus
1139 3958 1211 4023 suis
1228 3958 1317 4024 Nor·

237 4059 371 4121 mannis
400 4066 510 4124 terras
532 4057 735 4142 anglorum,
760 4060 819 4143 qui
843 4080 882 4125 se
908 4061 975 4144 ipsi
998 4067 1120 4143 sponte
1141 4057 1318 4135 dederant,

235 4154 364 4237 ingrati
378 4176 472 4222 more
486 4158 671 4238 distribuit,
689 4167 725 4224 et
738 4158 908 4224 modicum
928 4160 1012 4224 illud
1031 4158 1122 4242 quod
1141 4156 1225 4223 illud
1241 4157 1316 4239 [sic]

236 4264 458 4334 remanserat,
475 4259 539 4322 sub
556 4259 644 4343 jugo
669 4259 784 4342 posuit
809 4265 985 4341 perpetuae
999 4257 1196 4337 servitutis3
1228 4257 1319 4322 unde

237 4355 420 4420 nobiliores
452 4356 549 4439 regni
579 4359 757 4423 servitutis
785 4359 899 4442 ignari
925 4357 1096 4438 indignati
1125 4355 1319 4421 inconsola-

236 4454 349 4519 biliter
377 4455 571 4523 doluerunt.
615 4457 763 4538 Quidam
791 4458 898 4540 igitur
923 4457 966 4523 ad
995 4476 1108 4538 regem
1139 4456 1319 4520 Scotorum

237 4553 473 4636 Maicolmnm‚
504 4557 642 4641 quidam
673 4559 709 4622 in
743 4558 901 4635 Daciam,
938 4557 1075 4640 quidam
1111 4554 1147 4619 in
1178 4554 1319 4620 Norwe-
