3334 5734
554 815 750 864 ascalonus
773 813 903 863 vaura.
1208 799 1272 866 181

234 1018 353 1063 omnes
370 1006 502 1082 pomus,
519 996 669 1063 babeant
685 1016 803 1063 omnes
818 996 995 1062 libertates
1009 1003 1045 1063 et
1057 1016 1175 1063 omnes
1190 997 1272 1063 libe-

235 1118 292 1163 ras
316 1097 579 1164 consuetudines
603 1117 697 1163 suas.
750 1097 797 1162 Et
816 1096 861 1161 ad
882 1096 1074 1162 babendum
1093 1116 1272 1164 commune

235 1199 414 1264 consilium
436 1198 533 1281 regni
554 1198 596 1263 de
616 1196 756 1263 auxiliis
777 1197 968 1262 assidendis
990 1196 1091 1262 aliter
1109 1216 1213 1280 quam
1235 1197 1272 1262 in

236 1299 346 1363 tribus
368 1299 504 1362 casibus
531 1296 717 1381 praedictis,
748 1296 851 1361 etde
877 1296 1042 1379 scutagiis
1070 1295 1272 1376 assidendis,

235 1398 430 1462 submoneri
449 1397 614 1462 iaciemus
640 1394 927 1480 archiepiscopos,
951 1394 1144 1480 episcopos,
1167 1397 1273 1462 abba·

236 1505 300 1575 tes,
317 1498 471 1575 comites,
495 1504 531 1561 et
547 1496 694 1581 maj0res
713 1497 859 1560 barones
878 1496 975 1578 regni
992 1495 1192 1579 singillatim
1211 1515 1274 1580 per

236 1597 353 1661 literas
381 1605 528 1661 nostras.
580 1595 626 1661 Et
650 1604 817 1678 practerea
838 1595 1000 1660 faciemus
1022 1596 1217 1662 submoneri
1237 1595 1273 1660 in

236 1696 399 1778 generali,
421 1716 483 1779 per
509 1694 727 1760 vicecomites
751 1702 786 1759 et
811 1693 957 1760 ballivos
983 1702 1131 1774 nostros,
1155 1713 1274 1761 omnes

237 1796 323 1860 alios
348 1797 409 1879 qni
429 1796 464 1859 in
491 1796 605 1878 capite
631 1801 748 1860 tenent
769 1793 812 1858 de
832 1794 943 1872 nobis,
962 1795 1006 1859 ad
1023 1802 1154 1860 certum
1173 1795 1275 1875 diem,

237 1896 367 1960 scilicet
388 1894 431 1959 ad
450 1896 633 1960 terminum
648 1893 877 1977 quadraginta
892 1893 1021 1958 dierum
1037 1893 1081 1958 ad
1098 1894 1222 1973 minus,
1239 1902 1275 1960 et

237 1995 281 2059 ad
306 2003 436 2060 certum
462 1994 585 2059 locum.
629 1993 672 2057 In
694 1994 852 2058 omnibns
879 1992 988 2059 literis
1011 1994 1274 2061 submonitionis

237 2093 330 2158 illins
350 2114 487 2160 causam
508 2093 768 2158 submonitionis
789 2092 882 2157 illius
904 2112 1134 2176 exponemus3
1157 2100 1205 2172 et,
1224 2094 1274 2159 sie

237 2193 330 2258 facta
352 2192 615 2268 submonitione,
644 2191 819 2274 negotium
843 2192 1006 2276 procedat
1032 2191 1077 2257 ad
1106 2191 1194 2257 diem
1221 2211 1277 2258 as·

236 2294 422 2375 signatum,
449 2292 634 2357 secundum
661 2291 839 2357 consilium
860 2310 975 2356 eornm
1001 2292 1059 2375 qui
1086 2303 1274 2376 presentes

236 2391 375 2471 fuerint,
388 2394 544 2478 quamvis
561 2412 629 2457 non
645 2410 764 2456 omnes
779 2390 965 2456 submoniti
980 2390 1147 2457 venerint.
1199 2391 1276 2458 Nos

237 2512 305 2557 non
318 2492 535 2557 concedimus
546 2491 589 2555 de
605 2497 729 2556 caetcro
746 2489 862 2569 alicui,
874 2490 967 2574 quod
981 2490 1097 2575 capiat
1108 2490 1276 2556 auxilium

238 2591 280 2656 de
302 2591 418 2656 liberis
440 2592 634 2657 bominibus
659 2591 744 2669 suis,
770 2589 837 2654 nisi
858 2588 902 2655 ad
924 2610 1048 2674 corpus
1069 2610 1169 2656 suum
1190 2590 1277 2656 redi·

237 2690 408 2769 mendum,
425 2699 461 2756 et
480 2690 524 2756 ad
544 2690 736 2754 faciendum
756 2689 1020 2774 primogenitum
1046 2689 1153 2755 filium
1175 2709 1275 2756 sunm

238 2789 391 2869 militem,
407 2799 442 2856 et
454 2790 498 2856 ad
521 2789 783 2873 primogenitam
800 2788 907 2854 liliam
928 2808 1025 2854 suam
1046 2790 1153 2855 semel
1173 2790 1276 2855 mari·

237 2890 401 2970 tandam3
424 2890 516 2956 etad
533 2889 598 2954 boc
613 2908 682 2954 non
695 2889 758 2954 liat
775 2889 842 2953 nisi
858 2888 1062 2955 rationabile
1079 2888 1259 2955 auxilium.
1381 2928 1390 2939 „

197 3038 255 3075 m.
278 3038 329 3076 llll.

184 3119 262 3192 305,
279 3118 331 3194 36,
342 3116 534 3182 comeaeris
581 3114 673 3180 addi
689 3115 810 3194 Paris,
827 3122 864 3180 et
880 3114 923 3180 de
944 3114 1066 3180 ultima
1087 3122 1276 3199 praesenta·

604 3216 708 3280 done.

184 3333 262 3409 306,
276 3333 329 3407 36,
341 3332 518 3417 placitam
581 3338 674 3404 addit
711 3338 836 3418 Paris,
865 3338 995 3403 Omnes
1024 3339 1209 3404 comitatus
1240 3347 1276 3406 et

353 3454 435 3497 roas
453 3455 519 3498 noe
604 3438 771 3503 hundredi
809 3445 845 3504 et
889 3444 1072 3522 wapentag
1113 3445 1149 3502 et
1184 3437 1277 3503 thre·

350 3541 406 3597 trae
608 3538 718 3621 thingi
734 3538 804 3604 sint
820 3537 865 3602 ad
882 3539 1043 3622 antiquas
1060 3536 1175 3602 firmas
1196 3537 1275 3603 abs·

604 3657 670 3721 que
684 3637 754 3702 ullo
771 3638 994 3716 incremento,
1006 3638 1161 3722 exceptis
1170 3636 1276 3703 domi-

605 3738 690 3802 nicis
704 3737 864 3801 maneriis
880 3735 1017 3801 nostris.

186 3850 263 3932 307,
282 3856 333 3931 13,
344 3854 492 3940 partibas
582 3861 674 3926 addit
695 3859 821 3939 Paris„
845 3860 884 3926 Si
910 3859 1035 3944 aliquis
1062 3859 1148 3924 liber
1174 3857 1277 3925 horno

350 3956 414 4019 suis
605 3962 789 4026 intestatus
803 3959 962 4037 decessit,
979 3958 1107 4024 catalla
1126 3977 1191 4023 sna
1215 3978 1278 4042 per

604 4080 725 4125 manns
741 4060 1022 4144 propinquorum,
1034 4064 1228 4142 parentum,
1242 4066 1279 4123 et

604 4160 789 4226 amicornm
807 4179 947 4224 suorum
963 4178 1025 4242 per
1041 4157 1153 4224 visum
1169 4157 1278 4223 eccle·

603 4262 664 4325 siae
685 4260 947 4337 distribuantur,
967 4257 1074 4323 salvis
1093 4256 1278 4340 unicuique

603 4361 738 4439 debitis,
756 4380 834 4444 quae
849 4359 1029 4426 defunctus
1047 4357 1078 4424 ei
1091 4356 1248 4425 debebat.

181 4484 262 4554 308.
278 4482 329 4558 29,
345 4476 480 4543 &bamus
582 4483 783 4549 tenebimus.

349 4577 456 4643 latere
