3334 5734
569 816 767 866 nsorrcnns
790 816 923 868 varra.
1224 803 1290 869 24⁷

198 993 381 1073 dicatione,
398 1014 502 1078 quam
525 995 667 1075 faciunt,
694 997 764 1062 sint
777 995 978 1062 examinata
993 1003 1029 1062 et
1046 1004 1145 1063 casta
1168 1019 1284 1065 eorum

197 1094 347 1176 eloquia,
370 1096 415 1161 ad
433 1094 616 1161 utilitatem
638 1102 674 1161 et
692 1094 951 1161 aedificationem
973 1095 1104 1180 populi,
1126 1102 1283 1164 annunti·

197 1193 288 1259 ando
305 1193 354 1257 eis
369 1193 455 1260 uitia
470 1201 505 1260 et
520 1194 678 1272 virtutes,
695 1214 832 1278 poenam
850 1202 886 1260 et
902 1194 1060 1277 gloriam,
1077 1213 1154 1262 cnm
1171 1197 1283 1263 brevi·

197 1299 270 1359 tate
290 1294 477 1376 sermonis3
500 1294 581 1377 quia
597 1295 738 1359 verbum
759 1292 995 1359 abbreviatum
1018 1294 1098 1361 fecit
1115 1296 1283 1362 Dominus

194 1399 450 1476 superterram.

408 1555 1075 1642 Dsudmmitioaeetccmctiomsratmm.

245 1690 416 1768 ‘Fratres
442 1688 503 1773 qui
525 1695 607 1753 sunt
627 1688 775 1755 ministri
796 1696 832 1754 et
847 1690 940 1755 servi
960 1689 1104 1755 aliorum
1125 1692 1281 1772 fratrum,

195 1791 336 1856 visitent
360 1796 397 1855 et
416 1795 578 1855 moneant
597 1788 722 1852 fratres
748 1806 829 1853 suos
852 1788 1024 1854 humiliter
1044 1797 1080 1854 et
1101 1793 1281 1859 cammtire

193 1890 369 1972 corrigant
382 1908 460 1969 eos3
482 1907 552 1953 non
569 1887 805 1971 precipientes
826 1887 876 1951 eis
890 1888 1017 1971 aliquid
1032 1888 1124 1972 quod
1138 1891 1185 1956 sit
1200 1910 1281 1957 con-

194 1997 250 2053 tra
278 1989 424 2053 animam
447 2006 546 2051 suam
572 1993 608 2052 et
630 1985 784 2068 regulam
807 1994 972 2051 nosuam.
1024 1986 1164 2053 Fratres
1185 2009 1280 2069 vero,

193 2089 256 2172 qui
273 2094 354 2153 sunt
370 2085 511 2165 subditi,
529 2085 750 2151 recordentur
770 2085 863 2168 quod
884 2093 1025 2171 propter
1043 2087 1157 2152 Deum
1177 2091 1280 2155 abne·

192 2193 366 2271 gaserant
381 2186 538 2271 proprias
548 2184 758 2264 voluntates3
781 2184 872 2249 unde
888 2186 1030 2250 tirmiter
1045 2188 1207 2271 praecipio
1219 2189 1281 2268 eis,

192 2293 233 2351 ut
255 2285 418 2351 obediant
438 2285 510 2350 suis
532 2284 696 2348 ministris
716 2284 752 2346 in
774 2285 932 2349 omnibus
951 2304 1029 2368 qnae
1051 2287 1280 2370 promiserunt

191 2386 342 2451 Domino
369 2386 563 2462 ohservare,
580 2391 616 2447 et
632 2401 701 2446 non
725 2383 796 2446 sint
817 2384 979 2449 conuarii
1003 2386 1128 2451 anime
1149 2406 1222 2452 sure
1243 2397 1280 2453 et

191 2485 320 2567 regulae
347 2489 486 2549 nostrae.
537 2481 583 2547 Et
604 2481 796 2564 ubicunque
818 2489 901 2547 sunt
921 2482 1056 2563 fratres,
1078 2486 1138 2569 qni
1152 2486 1279 2553 scireut

192 2592 227 2651 et
241 2589 488 2668 cognoscerent
501 2601 538 2646 se
553 2601 623 2647 non
636 2598 737 2664 posse
749 2581 906 2663 regulam
921 2582 1147 2666 spiritualiter
1161 2587 1276 2652 ohser-

190 2703 285 2762 vare,
307 2684 350 2748 ad
374 2701 456 2747 snos
484 2681 658 2746 ministros
682 2680 840 2757 (lehem,
871 2681 902 2744 si
923 2682 1069 2765 possint,
1092 2703 1279 2751 recurrere.

192 2783 344 2849 Ministri
359 2801 442 2848 vero
464 2781 643 2845 caritative
664 2787 700 2844 et
713 2779 860 2861 henigne
882 2798 941 2843 eos
957 2780 1136 2863 recipiant,
1152 2794 1188 2848 et
1202 2792 1278 2849 tan.

191 2892 264 2949 tam
285 2881 552 2947 familiaritatem
575 2879 725 2943 habeant
737 2877 829 2942 circa
845 2878 950 2960 ipses,
965 2884 1006 2943 nt
1019 2879 1132 2945 dicere
1144 2883 1278 2963 possint

191 2983 242 3048 eis
256 2990 291 3047 et
305 2982 417 3047 facere
434 2982 524 3045 sicut
538 2979 647 3043 servis
661 2978 756 3056 suis;
783 2995 863 3040 nam
879 2976 930 3041 ita
944 2977 1068 3042 dehent
1083 2997 1169 3057 esse,
1184 2982 1276 3065 quod

191 3082 338 3146 ministri
352 3081 423 3145 sint
437 3079 527 3145 servi
541 3078 692 3143 omnium
706 3076 861 3140 fratrum.
912 3076 1040 3141 Moneo
1063 3097 1145 3144 vero
1165 3087 1201 3144 et
1213 3100 1275 3146 ex-

190 3180 309 3246 hortor
333 3182 369 3244 in
395 3179 544 3244 Domino
566 3176 654 3242 Jesu
676 3175 826 3250 Christo,
852 3182 892 3239 ut
915 3184 1061 3243 caveant
1085 3176 1208 3243 fratres
1232 3180 1275 3245 ab

190 3281 284 3345 omni
309 3278 482 3363 superbia,
504 3295 595 3342 vana
620 3275 742 3358 gloria,
764 3273 905 3352 invidia,
934 3275 1092 3351 avaritia,
1121 3295 1216 3357 cura,
1240 3287 1277 3346 et

189 3379 418 3446 sollicitudine
438 3377 543 3461 hujus
566 3373 684 3454 seculi,
704 3373 916 3439 detractione
939 3380 976 3439 et
994 3378 1274 3456 murmuratione,

188 3488 226 3544 et
241 3499 312 3544 non
329 3484 461 3556 curent,
478 3476 668 3541 nescientes
687 3473 817 3551 literas,
840 3472 958 3537 literas
974 3472 1125 3556 discere;
1148 3476 1207 3541 sed
1223 3486 1276 3543 at.

189 3578 333 3644 tendant
353 3575 445 3662 quod
467 3595 570 3659 super
591 3574 706 3639 omnia
725 3573 851 3637 dehent
872 3572 997 3638 hahere
1017 3575 1176 3659 spiritum
1201 3577 1275 3642 Do·

189 3679 273 3742 mini
287 3685 323 3743 et
337 3683 492 3742 sanctam
507 3676 582 3760 ejus
596 3671 841 3759 operationem,
863 3691 963 3737 orare
983 3692 1118 3757 semper
1133 3676 1177 3741 ad
1195 3697 1271 3743 eum

189 3796 276 3861 puro
297 3777 410 3853 corde,
432 3781 468 3840 et
484 3774 609 3839 hahere
629 3770 867 3847 humilitatem,
890 3772 1091 3856 patientiam
1107 3775 1142 3837 in
1159 3795 1273 3858 perso·

189 3878 327 3942 mtione
347 3883 382 3942 et
405 3875 441 3939 in
463 3874 669 3950 infirmitate,
691 3876 727 3935 et
750 3870 893 3952 diligere
915 3888 975 3934 eos
996 3873 1056 3954 qui
1078 3891 1140 3938 vos
1161 3893 1273 3956 perse

189 3983 351 4059 quantur,
374 3971 640 4058 reprehendunt,
662 3977 698 4036 et
712 3976 875 4051 arguunt,
896 3969 978 4052 quia
993 3969 1076 4034 dicit
1093 3970 1274 4051 Dominus,

188 4075 356 4158 ‘Diligite
378 4073 535 4139 inimices
551 4069 720 4146 vestros3'
745 4076 792 4147 et,
807 4066 938 4132 ‘Orate
960 4086 1022 4150 pro
1044 4072 1275 4152 persequenti-

187 4174 253 4239 bus
271 4181 306 4240 et
325 4171 614 4239 calumniantibus
631 4168 717 4235 vos?
768 4166 895 4232 ‘Beati
920 4166 979 4249 qui
1003 4169 1274 4250 persecutionem

187 4274 368 4358 patiuntur
394 4279 536 4357 propter
555 4269 739 4354 justitiam,
761 4266 923 4350 quoniam
946 4265 1100 4349 ipsorum
1121 4274 1174 4333 est
1196 4288 1273 4352 reg-

187 4394 269 4439 num
303 4371 486 4438 celorum?
541 4368 635 4449 ‘Qui
666 4376 782 4434 autem
812 4367 1080 4450 perseveraverit
1107 4370 1276 4452 usquein

186 4472 301 4551 tinem,
318 4472 374 4538 hic
390 4472 507 4537 salvus
523 4469 611 4534 erit!
