3334 5734
390 762 457 830 234
762 775 963 826 maurosus
989 776 1122 826 varra.

394 981 472 1026 mus
489 960 623 1026 Mantel
637 959 680 1026 de
703 960 843 1039 Brente,
859 959 966 1025 frater
984 958 1145 1039 Falcasii,
1162 960 1197 1024 e't
1212 958 1312 1023 multi
1328 956 1435 1041 Angli
1447 966 1482 1023 et

396 1060 588 1126 Normanni
609 1060 753 1139 nobiles,
774 1060 834 1144 qui
855 1079 972 1125 omnes
988 1058 1173 1143 suspendio
1187 1065 1270 1124 sunt
1284 1057 1482 1144 adjudicati,

394 1162 484 1227 sieut
499 1160 650 1244 plenarie
662 1159 697 1224 in
716 1159 998 1225 antecedentibus
1010 1159 1211 1242 praedictum
1221 1165 1286 1225 est.

500 1324 702 1392 Boldewiuar
718 1326 885 1412 inperator
899 1325 1097 1391 rodidedum
1112 1324 1148 1391 iu
1160 1323 1365 1390 mmmmm

453 1458 685 1537 Baldewiuus‚
718 1477 833 1524 comes
870 1456 1104 1534 Flandrensis‚
1136 1458 1197 1541 qui
1232 1463 1269 1522 et
1299 1457 1486 1540 imperator

395 1558 808 1643 Constantinopolitanus,
838 1566 918 1642 post
941 1576 1106 1622 annosam
1132 1564 1168 1622 et
1184 1576 1355 1622 morosam
1375 1556 1486 1621 incar·

395 1660 603 1725 curationem
633 1665 670 1724 et
693 1658 965 1742 poenitentialem
993 1656 1298 1741 peregrinationem
1325 1656 1429 1722 rediit
1449 1658 1484 1720 in

397 1759 593 1825 Flaudriam
607 1778 617 1839 3
643 1765 769 1824 etcum
785 1777 808 1823 a
821 1757 1082 1842 quamplurimis
1095 1758 1190 1835 viris,
1205 1757 1264 1841 qui
1283 1775 1363 1821 eum
1384 1763 1485 1820 autea

394 1864 641 1941 cognoverunt,
669 1859 751 1924 licet
774 1859 811 1922 in
836 1858 954 1923 multis
985 1858 1152 1922 alteratus
1178 1855 1312 1933 fuisset,
1342 1875 1485 1939 cognos-

395 1967 541 2037 ceretur,
556 1960 685 2042 recepit
698 1957 860 2041 homagia
873 1965 909 2023 et
923 1957 1106 2023 fidelitates
1121 1956 1271 2022 amultis
1288 1956 1483 2021 ciuitatibus

396 2067 432 2125 et
447 2059 581 2145 oppidis
597 2058 782 2124 Flandriae.
833 2057 900 2123 Sed
917 2058 989 2122 filia
1004 2058 1114 2142 ipsius
1127 2056 1284 2121 inridens
1299 2076 1482 2139 exaspera-

395 2159 447 2225 vit
457 2179 571 2243 regem
586 2166 707 2225 corma
722 2158 847 2242 ipsum,
864 2156 1037 2222 affirmans
1052 2157 1165 2240 ipsum
1176 2176 1245 2222 uon
1262 2174 1340 2220 esse
1353 2163 1482 2239 patrem

396 2277 507 2336 suum,
532 2278 595 2323 neo
617 2259 731 2343 ipsum
756 2277 833 2323 esse
852 2277 953 2343 quem
972 2277 1011 2323 se
1030 2256 1132 2338 fecit3
1157 2257 1425 2341 procuravitque
1445 2262 1483 2319 ut

395 2358 580 2442 praedictus
609 2365 708 2441 pater
738 2377 822 2423 suus
847 2358 1074 2442 ignominiose
1103 2356 1379 2440 suspenderetur,
1407 2373 1482 2419 uam

396 2456 475 2521 binc
500 2463 535 2522 et
560 2455 639 2522 inde
663 2457 746 2523 fecit
776 2458 864 2523 duos
892 2476 995 2522 canes
1020 2464 1166 2534 veteres,
1193 2456 1324 2522 scilicet
1347 2456 1484 2538 mirgos,

395 2556 571 2642 suspendi.
635 2556 715 2623 Hoc
747 2565 865 2624 tamen
888 2564 1047 2622 asserunt
1070 2556 1182 2635 multi,
1205 2556 1330 2640 quibus
1359 2555 1485 2621 confes·

396 2657 526 2724 sionem
538 2656 631 2735 fecit,
647 2659 799 2741 peccatis
814 2657 888 2724 suis
904 2657 1123 2741 exigentibus
1143 2656 1384 2739 promeruisse,
1406 2656 1485 2740 quia

396 2776 574 2824 acarcere
593 2758 704 2823 evasit
722 2777 799 2823 cnm
824 2758 928 2824 sociis
951 2758 1024 2822 suis
1045 2757 1278 2835 incarceratis,
1304 2756 1366 2840 qui
1393 2755 1483 2839 capti

396 2857 536 2923 fuerunt
562 2876 639 2923 cum
668 2877 710 2923 eo
741 2859 778 2923 iu
807 2857 939 2942 praelio,
970 2856 1162 2940 opitulante
1192 2854 1342 2940 quadam
1372 2855 1483 2939 puella

398 2956 517 3037 nobili,
545 2977 587 3023 eo
617 2964 735 3040 pacto,
765 2963 806 3022 ut
836 2957 1069 3041 baptisaretur
1099 2975 1202 3040 quam
1230 2954 1301 3021 cito
1329 2955 1484 3021 venirent

397 3057 532 3123 liberati
562 3058 598 3123 in
622 3056 939 3137 christianitatem
964 3055 1025 3121 sed
1054 3054 1276 3122 Baldewiuus
1301 3056 1485 3139 imperator

396 3177 475 3223 enm
501 3157 574 3222 suis
599 3156 714 3234 sociis,
742 3176 821 3222 cnm
847 3156 1083 3242 pervenissent
1107 3175 1185 3220 oum
1209 3155 1288 3239 ipsa
1313 3155 1431 3239 puella
1449 3156 1483 3220 iu

396 3257 474 3323 loca
487 3257 616 3323 tutiora
633 3255 919 3335 Christianorum,
935 3256 1043 3334 illam,
1066 3275 1169 3341 quam
1190 3255 1348 3339 promisit
1364 3254 1486 3320 ducere

395 3357 432 3422 in
457 3376 603 3423 uxorem
628 3362 665 3422 et
693 3354 925 3422 Christianam
948 3355 1061 3421 facere
1085 3361 1121 3420 et
1144 3355 1297 3420 moribus
1319 3352 1485 3420 Christia-

398 3476 519 3522 norum
544 3455 739 3532 informare,
759 3464 840 3522 ante
864 3456 1040 3521 lavacrum
1061 3454 1329 3538 regenerationis
1354 3454 1486 3520 occulte

396 3555 478 3621 fecit
499 3555 626 3633 necari,
646 3555 736 3620 uude
754 3564 827 3621 tam
850 3555 909 3620 diu
931 3555 975 3620 ad
991 3575 1030 3621 se
1044 3573 1201 3620 reversus
1218 3554 1300 3619 feeit
1319 3555 1485 3637 poeniten

397 3655 480 3721 tiam
511 3662 551 3719 ut
576 3656 638 3720 vix
661 3674 684 3720 a
710 3655 936 3720 familiaribus
965 3655 1070 3720 etiam
1098 3662 1374 3738 cognosceretur,
1395 3673 1485 3738 papa

397 3754 597 3840 injungente
611 3755 850 3839 poenitentiam
862 3762 933 3821 tam
949 3774 1102 3837 gravem
1114 3755 1197 3839 quia
1212 3753 1363 3819 nondum
1377 3753 1485 3837 bapti·

396 3863 510 3922 satam
530 3854 665 3922 occidit.
716 3854 845 3920 Omnes
872 3861 999 3933 autem,
1022 3855 1084 3938 qui
1109 3853 1188 3920 huic
1206 3854 1351 3920 consilio
1372 3872 1486 3918 asseu-

397 3976 474 4022 sum
496 3957 727 4039 praebuerunt,
752 3956 846 4039 turpi
873 3962 983 4019 morte
1009 3954 1205 4039 perierunt;
1232 3972 1376 4038 quorum
1398 3971 1483 4017 uuus

398 4076 476 4122 cum
502 4055 547 4120 ad
569 4075 714 4122 uxorem
742 4074 840 4120 suam
865 4054 1088 4140 pervenisset,
1117 4061 1153 4119 et
1179 4052 1379 4133 abeodem,
1407 4052 1484 4136 quia

394 4156 470 4241 jam
497 4156 604 4221 alium
630 4156 741 4221 virum
766 4154 933 4221 habuerat
965 4161 1001 4219 et
1029 4153 1119 4219 filios
1142 4154 1187 4218 ab
1215 4153 1335 4218 eodem
1373 4171 1484 4217 susce·

398 4264 509 4341 perat,
529 4256 617 4321 bene
639 4262 914 4341 cognosceretur,
935 4253 1170 4337 praecipitatus
1199 4259 1252 4318 est
1275 4252 1312 4317 in
1335 4262 1485 4336 puteum,

400 4356 466 4421 hoc
488 4375 598 4421 uxore
624 4356 713 4421 olam
744 4362 969 4439 procurante3
1006 4353 1119 4420 etsie
1148 4353 1220 4432 alii,
1252 4352 1398 4436 quilibet
1425 4370 1500 4415 suo·

400 4475 495 4533 casu,
519 4455 596 4522 Deo
627 4455 729 4533 irato,
762 4456 822 4539 qui
855 4476 923 4522 nou
951 4454 1027 4519 vult
1051 4453 1144 4518 mala
1167 4472 1230 4537 pro
1258 4453 1357 4517 bonis
1387 4451 1484 4527 solui,

400 4555 638 4621 miserabiliter
678 4554 863 4640 perierunt.
928 4552 1005 4620 Nec
1050 4572 1168 4618 eorum
1208 4552 1375 4637 superior,
1416 4551 1483 4635 qui,
