3334 5734
398 754 462 821 loo
769 770 967 821 nucrrouns
990 772 1122 821 vanus.

450 963 597 1039 granato
615 954 706 1039 qnod
724 954 862 1037 diligas,
881 956 917 1019 in
933 955 1066 1038 topatio
1087 955 1179 1039 quod
1200 975 1375 1034 exerceas,
1391 969 1425 1023 ut
1438 959 1473 1024 ule

451 1057 579 1121 virtute
595 1056 631 1119 in
642 1056 804 1120 virtutem
820 1054 997 1131 ascendas,
1014 1055 1121 1120 donec
1136 1056 1323 1120 Dominum
1341 1056 1474 1122 Deorum

450 1154 568 1220 videas
582 1156 617 1220 in
634 1155 740 1220 Sion?
772 1154 862 1219 Haec
879 1162 995 1219 autem
1012 1174 1089 1219 cum
1105 1154 1147 1218 ad
1165 1156 1257 1237 regis
1274 1159 1476 1238 praesentiam

450 1255 697 1339 pervenissent,
719 1253 830 1338 primo
852 1262 1031 1336 gratanter
1056 1255 1087 1319 ei
1110 1256 1400 1338 complacuerunt,
1425 1259 1475 1323 sed

451 1363 531 1438 post
547 1375 615 1420 uon
632 1353 846 1419 multosdies
867 1354 1113 1437 subsequentes
1138 1374 1258 1419 aurum
1281 1356 1431 1420 obrizum
1447 1359 1478 1421 iu

451 1455 597 1521 scoriam
620 1460 657 1519 et
679 1453 840 1530 derisum,
862 1472 1005 1534 gemmae
1020 1454 1056 1517 in
1073 1457 1232 1535 gemitus,
1247 1474 1347 1519 amor
1361 1457 1396 1519 in
1411 1477 1480 1520 rau-

450 1574 576 1632 corenr,
598 1554 688 1619 sicut
710 1572 858 1637 sequeus
883 1571 995 1618 sermo
1018 1552 1218 1631 declarabit,
1234 1563 1317 1619 sunt
1335 1554 1481 1621 flebiliter

451 1661 673 1732 commutata,
688 1662 726 1718 ut
742 1673 787 1718 ex
801 1653 1024 1737 sequentibus
1038 1653 1242 1719 constiterit.

400 1778 469 1831 isso.
492 1794 544 1831 us.

402 1855 750 1941 215,l3‚pridieidus
796 1854 912 1920 desum

565 1954 652 2019 Jotti

403 2076 476 2157 217,
514 2082 546 2155 5,
556 2088 706 2165 pretore
796 2082 945 2160 portare.

403 2206 476 2282 219,
493 2206 546 2282 33,
562 2204 676 2269 Moto
797 2199 940 2266 decimo.
992 2199 1093 2266 Circa
1125 2200 1198 2265 dies
1235 2200 1323 2265 istos
1363 2199 1484 2277 Simon,

819 2298 1042 2365 cicestrensis
1067 2301 1259 2384 episcopus,
1280 2299 1387 2380 obiit3
1411 2320 1485 2365 oon·

819 2399 948 2464 fiscatis
964 2400 1122 2465 omuibus
1135 2400 1234 2465 bonis
1247 2398 1483 2464 monachorum

819 2498 1119 2564 Cantauriensium
1162 2499 1216 2564 die
1255 2499 1484 2565 translationis

818 2599 929 2663 sancti
962 2598 1142 2665 Swithuni.
1200 2596 1380 2664 Galfridus
1410 2619 1484 2663 vero

818 2698 1094 2782 archiepiscopus
1126 2699 1355 2764 Eboracensis
1381 2706 1485 2763 trans-

818 2798 908 2881 sugit
924 2799 1012 2863 ciam
1036 2798 1156 2864 nolens
1176 2799 1371 2864 consentire
1391 2818 1482 2862 exac-

819 2899 904 2963 tioni
923 2898 1032 2963 tertiae
1053 2899 1202 2963 decimae.
1254 2898 1482 2983 Soleclipsin

818 3017 942 3080 pessus
958 3005 1011 3063 est
1025 3000 1069 3063 ab
1085 2997 1172 3069 hora
1191 3003 1293 3063 sexta
1315 3017 1424 3081 usque
1444 2996 1481 3060 ad

818 3117 955 3175 nonam,
988 3117 1119 3164 necnon
1141 3097 1225 3163 luna
1247 3097 1368 3162 eodem
1389 3096 1481 3161 modo

817 3196 984 3264 similiter.

400 3362 451 3379 ..
494 3329 547 3405 36,
562 3326 715 3392 [Imm
794 3320 887 3385 addit
902 3319 1024 3399 Paris,
1042 3320 1142 3386 litera
1167 3320 1375 3388 Dominicali
1400 3319 1481 3385 exis-

817 3429 911 3487 tente
936 3418 993 3498 G„
1018 3421 1102 3486 luna
1120 3440 1202 3487 vero
1229 3420 1408 3486 undecima
1433 3420 1480 3483 die

815 3520 916 3587 lunae.

402 3649 476 3724 222,
514 3649 623 3724 Lesbo
794 3645 908 3710 dorm.

567 3747 692 3835 Arulis

401 3874 474 3949 224,
513 3871 748 3959 reuma
794 3868 912 3933 oon.

555 3982 722 4058 potueram

401 4099 476 4173 225,
514 4100 544 4176 3,
559 4098 715 4184 abenas,
795 4090 983 4172 exigentes,
1003 4089 1203 4174 repagulum
1220 4089 1424 4155 conditionis
1438 4091 1480 4154 in·

560 4198 709 4262 Marino
815 4196 996 4267 venerunt,
1010 4188 1165 4253 Matildis
1181 4189 1283 4254 eninr.

396 4360 448 4403 .-
491 4321 543 4399 28,
558 4320 694 4404 smpeusi
793 4312 886 4377 addit
902 4313 1028 4392 Paris„
1044 4312 1174 4377 Eodem
1199 4332 1290 4376 anno
1309 4312 1483 4396 Philippus

815 4413 888 4477 dux
914 4413 1064 4490 Suaviae,
1088 4413 1147 4494 qni
1176 4420 1297 4477 contra
1319 4411 1482 4478 Othonem

815 4512 858 4576 de
875 4513 1017 4596 imperio
1033 4512 1273 4590 contendebat,
1291 4512 1462 4577 occiditur.
