3334 5734
721 699 918 750 nebulosus
939 699 1073 749 mus.

405 882 566 948 horribile
591 883 698 961 dictu,
726 882 863 948 diabolo
892 882 1104 948 commendo.
1161 881 1223 946 Me
1252 881 1343 946 enim
1374 880 1452 945 Deo

406 984 498 1060 vovi,
519 982 611 1065 quod
632 1002 699 1047 non
723 984 867 1061 sinistis,
890 983 995 1047 immo
1018 1000 1183 1067 sponsum
1200 1000 1327 1059 meum,
1349 999 1452 1063 quem

406 1083 506 1164 elegi,
528 1101 615 1146 ausu
637 1082 828 1159 temerario,
854 1083 1067 1163 immemores
1088 1100 1202 1146 ceusae
1226 1080 1339 1145 sancti
1359 1080 1453 1145 Mat·

407 1182 489 1247 tbaei
505 1180 663 1265 apostoli,
677 1179 894 1266 zelotipetis.'

457 1281 513 1345 Sic
527 1282 634 1363 igitur
651 1282 780 1363 nuptiae
794 1281 997 1364 magnificae,
1013 1286 1054 1343 nt
1073 1279 1200 1357 decuit,
1223 1278 1454 1356 celebrantur,

409 1388 444 1446 et
473 1387 572 1445 tanto
605 1380 780 1446 ardentius
816 1381 949 1446 exarsit
977 1398 1041 1444 rex
1075 1379 1112 1442 in
1146 1377 1255 1462 ipsius
1288 1397 1453 1456 emonem,

409 1487 538 1564 quanto
568 1479 745 1545 scelestius
772 1480 970 1560 adamavit3
1007 1477 1193 1543 secundm
1224 1477 1308 1542 illud
1341 1478 1455 1561 poeti·

409 1598 498 1658 cum,
515 1583 527 1615 ‘
539 1572 707 1646 Nitimur¹
734 1579 770 1644 in
791 1580 936 1646 vetitum
963 1574 1115 1661 semper!
1165 1577 1316 1645 Peccnto
1345 1577 1455 1660 igitur

412 1679 585 1761 exigente,

371 1819 427 1856 PAO.
450 1817 504 1856 une

364 1882 439 1957 169,
461 1880 513 1957 26,
529 1878 682 1944 commotio
756 1881 940 1947 commotio
956 1882 1083 1946 subito.

362 2046 412 2059 -
455 2000 507 2082 27,
524 2000 672 2068 accersiat
757 2006 932 2071 asserebat
947 2006 1143 2071 ventilatus.

362 2169 413 2183 -
456 2128 509 2204 29,
523 2125 608 2191 misit
624 2147 678 2191 roo
758 2147 821 2193 rex
854 2127 1029 2194 Henricns
1054 2129 1299 2194 conscientiam
1324 2127 1455 2193 hebens

525 2225 681 2290 Heorieur
780 2228 1015 2312 multipliciter
1029 2229 1255 2294 cauteriatam
1271 2228 1375 2293 misit.

366 2346 439 2428 170,
478 2351 510 2427 1,
523 2370 553 2414 se
575 2347 704 2413 Rolerto
758 2353 841 2436 quin
854 2371 917 2416 rex
927 2352 1002 2437 jem
1015 2352 1307 2438 tyrannizeveret,
1325 2352 1456 2417 Robor-

526 2446 665 2513 reldt'dt't
781 2458 818 2516 to
834 2451 991 2517 adhaesit.

364 2614 415 2628 -
480 2576 512 2649 3,
528 2573 660 2688 teneret
761 2577 916 2642 obviaret
932 2577 964 2641 ei
976 2576 1154 2643 hostiliter.

528 2693 644 2758 soporo

366 2838 417 2853 -
482 2801 514 2874 5,
529 2796 693 2863 dissidium
762 2794 856 2860 adue
891 2794 1013 2874 Paris,
1048 2796 1255 2879 colloquium
1295 2795 1458 2870 inierunt,

784 2915 861 2959 cum
886 2896 944 2980 pio
969 2902 1005 2960 et
1030 2896 1276 2979 circumspecto
1301 2894 1458 2972 consilio,

783 3002 940 3060 mutuum
956 3014 996 3059 ac
1012 2994 1172 3078 generale
1186 3002 1232 3060 et.

369 3164 419 3177 -
485 3122 515 3198 6,
530 3129 702 3186 miremort
762 3120 997 3184 firmaverunt.

371 3286 422 3298 -
465 3244 517 3319 25,
530 3264 659 3327 proce..
669 3264 717 3308 eo-
763 3241 899 3307 difficile
914 3250 1005 3307 esset
1019 3251 1230 3326 expugnatu.

512 3341 719 3426 poposcero

373 3505 424 3519 -
467 3462 577 3540 21),αὸ
600 3464 720 3551 Acylla
764 3484 810 3530 ex
823 3464 953 3548 Anglia
966 3465 1176 3550 proscripsit.

538 3563 687 3630 merlavii
839 3616 842 3619 .

376 3686 450 3764 171,
468 3683 522 3763 17,
538 3688 653 3774 quilii
766 3686 857 3751 inter
871 3706 969 3771 quos.

374 3850 426 3866 -
468 3813 723 3897 sequeremur·
767 3813 827 3896 qui
844 3813 1046 3879 consecrari.

535 3933 625 3977 crare

376 4076 427 4090 ..
470 4038 522 4113 30,
532 4036 683 4122 prmis-
770 4035 846 4100 The
869 4035 1008 4102 Cotton.
1032 4037 1107 4102 MS.
1130 4040 1228 4119 adds,
1246 4040 1353 4107 ‘Hoc
1375 4062 1467 4108 anno

542 4144 606 4201 imo
652 4185 654 4189 .
793 4135 953 4218 Rogems
988 4137 1032 4201 ad
1068 4139 1301 4223 episcopatum
1341 4142 1466 4208 Sarum

791 4235 921 4300 electus
935 4231 1010 4302 est?

496 4416 508 4457 ¹>
516 4412 651 4488 Nitimur]
667 4418 797 4469 ‘Nitimur
806 4418 833 4468 in
844 4420 947 4469 vetitum
959 4434 1057 4483 semper
1066 4423 1231 4486 cupimusque
1242 4427 1353 4489 uegeta!

1134 4492 1211 4544 Ovid.
1222 4495 1281 4547 Am.
1293 4510 1332 4547 ur.
1344 4497 1378 4546 ir.
1391 4501 1431 4548 17.
