<?xml version="1.0" encoding="UTF-8"?>
<!DOCTYPE html PUBLIC "-//W3C//DTD XHTML 1.0 Transitional//EN"
    "http://www.w3.org/TR/xhtml1/DTD/xhtml1-transitional.dtd">
<html xmlns="http://www.w3.org/1999/xhtml" xml:lang="en" lang="en">
 <head>
  <title>
</title>
<meta http-equiv="Content-Type" content="text/html;charset=utf-8" />
  <meta name='ocr-system' content='tesseract 3.04.00' />
  <meta name='ocr-capabilities' content='ocr_page ocr_carea ocr_par ocr_line ocrx_word'/>
</head>
<body>
  <div class='ocr_page' id='page_1' title='image "appendixadroger01parigoog_0190.png"; bbox 0 0 3334 5734; ppageno 0'>
   <div class='ocr_carea' id='block_1_1' title="bbox 407 775 1128 840">
    <p class='ocr_par' dir='ltr' id='par_1_1' title="bbox 407 775 1128 840">
     <span class='ocr_line' id='line_1_1' title="bbox 407 775 1128 840; baseline -0.008 0"><span class='ocrx_word' id='word_1_1' title='bbox 407 775 472 840; x_wconf 80' lang='lat'>1⁷0</span> <span class='ocrx_word' id='word_1_2' title='bbox 777 786 975 838; x_wconf 75' lang='lat' dir='ltr'>nuorrorrus</span> <span class='ocrx_word' id='word_1_3' title='bbox 998 789 1128 838; x_wconf 66' lang='lat' dir='ltr'>viarm.</span> 
     </span>
    </p>
   </div>
   <div class='ocr_carea' id='block_1_2' title="bbox 407 969 1494 1255">
    <p class='ocr_par' dir='ltr' id='par_1_2' title="bbox 407 969 1494 1255">
     <span class='ocr_line' id='line_1_2' title="bbox 408 969 1494 1058; baseline 0 -20"><span class='ocrx_word' id='word_1_4' title='bbox 408 972 627 1058; x_wconf 87' lang='lat' dir='ltr'>Perpendens</span> <span class='ocrx_word' id='word_1_5' title='bbox 640 971 748 1054; x_wconf 80' lang='lat' dir='ltr'>igitur</span> <span class='ocrx_word' id='word_1_6' title='bbox 762 990 838 1048; x_wconf 82' lang='lat' dir='ltr'>rex,</span> <span class='ocrx_word' id='word_1_7' title='bbox 853 970 945 1053; x_wconf 92' lang='lat' dir='ltr'>quod</span> <span class='ocrx_word' id='word_1_8' title='bbox 959 977 1032 1034; x_wconf 91' lang='lat' dir='ltr'>tam</span> <span class='ocrx_word' id='word_1_9' title='bbox 1048 969 1266 1054; x_wconf 86' lang='lat' dir='ltr'>despicabilis</span> <span class='ocrx_word' id='word_1_10' title='bbox 1289 990 1436 1054; x_wconf 83' lang='lat' dir='ltr'>persona</span> <span class='ocrx_word' id='word_1_11' title='bbox 1450 973 1494 1038; x_wconf 90' lang='lat' dir='ltr'>ad</span> 
     </span>
     <span class='ocr_line' id='line_1_3' title="bbox 407 1068 1493 1153; baseline 0 -16"><span class='ocrx_word' id='word_1_12' title='bbox 407 1080 478 1138; x_wconf 87' lang='lat' dir='ltr'>tam</span> <span class='ocrx_word' id='word_1_13' title='bbox 506 1071 650 1136; x_wconf 89' lang='lat' dir='ltr'>arduum</span> <span class='ocrx_word' id='word_1_14' title='bbox 680 1070 856 1153; x_wconf 80' lang='lat' dir='ltr'>negotimu</span> <span class='ocrx_word' id='word_1_15' title='bbox 887 1068 1127 1134; x_wconf 85' lang='lat' dir='ltr'>declarandum</span> <span class='ocrx_word' id='word_1_16' title='bbox 1165 1090 1235 1135; x_wconf 90' lang='lat' dir='ltr'>nou</span> <span class='ocrx_word' id='word_1_17' title='bbox 1269 1070 1493 1136; x_wconf 73' lang='lat' dir='ltr'>destinaretur</span> 
     </span>
     <span class='ocr_line' id='line_1_4' title="bbox 407 1168 1494 1255; baseline -0.001 -18"><span class='ocrx_word' id='word_1_18' title='bbox 407 1172 473 1237; x_wconf 90' lang='lat' dir='ltr'>nisi</span> <span class='ocrx_word' id='word_1_19' title='bbox 487 1179 623 1255; x_wconf 86' lang='lat' dir='ltr'>saperet</span> <span class='ocrx_word' id='word_1_20' title='bbox 644 1176 684 1234; x_wconf 92' lang='lat' dir='ltr'>ut</span> <span class='ocrx_word' id='word_1_21' title='bbox 700 1169 845 1234; x_wconf 83' lang='lat' dir='ltr'>callidus</span> <span class='ocrx_word' id='word_1_22' title='bbox 867 1177 903 1233; x_wconf 90' lang='lat' dir='ltr'>et</span> <span class='ocrx_word' id='word_1_23' title='bbox 926 1168 1145 1252; x_wconf 78' lang='lat' dir='ltr'>intelligeret,</span> <span class='ocrx_word' id='word_1_24' title='bbox 1162 1169 1283 1234; x_wconf 85' lang='lat' dir='ltr'>videns</span> <span class='ocrx_word' id='word_1_25' title='bbox 1307 1171 1384 1255; x_wconf 89' lang='lat' dir='ltr'>ejus</span> <span class='ocrx_word' id='word_1_26' title='bbox 1404 1191 1494 1236; x_wconf 83' lang='lat' dir='ltr'>eoro-</span> 
     </span>
    </p>
   </div>
   <div class='ocr_carea' id='block_1_3' title="bbox 401 1267 1493 4637">
    <p class='ocr_par' dir='ltr' id='par_1_3' title="bbox 401 1267 1493 4637">
     <span class='ocr_line' id='line_1_5' title="bbox 407 1267 1493 1351; baseline -0.002 -15"><span class='ocrx_word' id='word_1_27' title='bbox 407 1290 487 1336; x_wconf 87' lang='lat' dir='ltr'>nam</span> <span class='ocrx_word' id='word_1_28' title='bbox 504 1278 539 1336; x_wconf 90' lang='lat' dir='ltr'>et</span> <span class='ocrx_word' id='word_1_29' title='bbox 553 1277 729 1335; x_wconf 89' lang='lat' dir='ltr'>tonsuram</span> <span class='ocrx_word' id='word_1_30' title='bbox 747 1277 783 1333; x_wconf 91' lang='lat' dir='ltr'>et</span> <span class='ocrx_word' id='word_1_31' title='bbox 800 1268 878 1332; x_wconf 91' lang='lat' dir='ltr'>inde</span> <span class='ocrx_word' id='word_1_32' title='bbox 893 1267 1089 1332; x_wconf 82' lang='lat' dir='ltr'>discernens</span> <span class='ocrx_word' id='word_1_33' title='bbox 1113 1268 1204 1351; x_wconf 93' lang='lat' dir='ltr'>quod</span> <span class='ocrx_word' id='word_1_34' title='bbox 1227 1277 1319 1333; x_wconf 89' lang='lat' dir='ltr'>esset</span> <span class='ocrx_word' id='word_1_35' title='bbox 1343 1270 1493 1349; x_wconf 88' lang='lat' dir='ltr'>clericus,</span> 
     </span>
     <span class='ocr_line' id='line_1_6' title="bbox 401 1366 1493 1456; baseline 0 -21"><span class='ocrx_word' id='word_1_36' title='bbox 401 1371 510 1456; x_wconf 86' lang='lat' dir='ltr'>jussit</span> <span class='ocrx_word' id='word_1_37' title='bbox 526 1390 604 1434; x_wconf 90' lang='lat' dir='ltr'>eum</span> <span class='ocrx_word' id='word_1_38' title='bbox 628 1369 673 1434; x_wconf 91' lang='lat' dir='ltr'>ad</span> <span class='ocrx_word' id='word_1_39' title='bbox 699 1388 737 1433; x_wconf 87' lang='lat' dir='ltr'>se</span> <span class='ocrx_word' id='word_1_40' title='bbox 760 1369 908 1443; x_wconf 84' lang='lat' dir='ltr'>evocari,</span> <span class='ocrx_word' id='word_1_41' title='bbox 934 1366 1017 1451; x_wconf 90' lang='lat' dir='ltr'>quia</span> <span class='ocrx_word' id='word_1_42' title='bbox 1042 1368 1118 1431; x_wconf 90' lang='lat' dir='ltr'>aliis</span> <span class='ocrx_word' id='word_1_43' title='bbox 1146 1368 1367 1451; x_wconf 80' lang='lat' dir='ltr'>loquentibus</span> <span class='ocrx_word' id='word_1_44' title='bbox 1388 1370 1493 1435; x_wconf 87' lang='lat' dir='ltr'>adhuc</span> 
     </span>
     <span class='ocr_line' id='line_1_7' title="bbox 405 1465 1493 1553; baseline -0.002 -18"><span class='ocrx_word' id='word_1_45' title='bbox 405 1477 561 1535; x_wconf 87' lang='lat' dir='ltr'>tacuerat</span> <span class='ocrx_word' id='word_1_46' title='bbox 575 1476 673 1534; x_wconf 88' lang='lat' dir='ltr'>stans</span> <span class='ocrx_word' id='word_1_47' title='bbox 695 1476 858 1533; x_wconf 89' lang='lat' dir='ltr'>remotus.</span> <span class='ocrx_word' id='word_1_48' title='bbox 912 1465 996 1550; x_wconf 92' lang='lat' dir='ltr'>Ipso</span> <span class='ocrx_word' id='word_1_49' title='bbox 1021 1467 1129 1550; x_wconf 76' lang='lat' dir='ltr'>igitur</span> <span class='ocrx_word' id='word_1_50' title='bbox 1155 1474 1289 1533; x_wconf 89' lang='lat' dir='ltr'>retento</span> <span class='ocrx_word' id='word_1_51' title='bbox 1314 1477 1352 1532; x_wconf 90' lang='lat' dir='ltr'>et</span> <span class='ocrx_word' id='word_1_52' title='bbox 1375 1471 1493 1553; x_wconf 86' lang='lat' dir='ltr'>spretis</span> 
     </span>
     <span class='ocr_line' id='line_1_8' title="bbox 406 1566 1493 1650; baseline -0.003 -17"><span class='ocrx_word' id='word_1_53' title='bbox 406 1570 495 1646; x_wconf 85' lang='lat' dir='ltr'>aliis,</span> <span class='ocrx_word' id='word_1_54' title='bbox 510 1589 573 1633; x_wconf 79' lang='lat' dir='ltr'>rex</span> <span class='ocrx_word' id='word_1_55' title='bbox 589 1588 666 1633; x_wconf 87' lang='lat' dir='ltr'>curn</span> <span class='ocrx_word' id='word_1_56' title='bbox 680 1587 722 1632; x_wconf 90' lang='lat' dir='ltr'>eo</span> <span class='ocrx_word' id='word_1_57' title='bbox 735 1566 847 1632; x_wconf 91' lang='lat' dir='ltr'>multa</span> <span class='ocrx_word' id='word_1_58' title='bbox 860 1566 1065 1648; x_wconf 80' lang='lat' dir='ltr'>loquebatur</span> <span class='ocrx_word' id='word_1_59' title='bbox 1078 1568 1252 1643; x_wconf 83' lang='lat' dir='ltr'>secretins,</span> <span class='ocrx_word' id='word_1_60' title='bbox 1277 1586 1356 1650; x_wconf 83' lang='lat' dir='ltr'>quae</span> <span class='ocrx_word' id='word_1_61' title='bbox 1377 1578 1493 1650; x_wconf 84' lang='lat' dir='ltr'>postea</span> 
     </span>
     <span class='ocr_line' id='line_1_9' title="bbox 406 1652 1492 1753; baseline -0.001 -20"><span class='ocrx_word' id='word_1_62' title='bbox 406 1669 481 1753; x_wconf 89' lang='lat' dir='ltr'>ipse</span> <span class='ocrx_word' id='word_1_63' title='bbox 509 1652 683 1734; x_wconf 82' lang='lat' dir='ltr'>Robertus</span> <span class='ocrx_word' id='word_1_64' title='bbox 708 1668 827 1731; x_wconf 87' lang='lat' dir='ltr'>amicis</span> <span class='ocrx_word' id='word_1_65' title='bbox 852 1668 924 1731; x_wconf 90' lang='lat' dir='ltr'>suis</span> <span class='ocrx_word' id='word_1_66' title='bbox 950 1667 1122 1750; x_wconf 82' lang='lat' dir='ltr'>patefecit.</span> <span class='ocrx_word' id='word_1_67' title='bbox 1154 1665 1361 1749; x_wconf 83' lang='lat' dir='ltr'>-quuisivit</span> <span class='ocrx_word' id='word_1_68' title='bbox 1384 1676 1492 1732; x_wconf 86' lang='lat' dir='ltr'>autem</span> 
     </span>
     <span class='ocr_line' id='line_1_10' title="bbox 406 1765 1492 1850; baseline -0.001 -18"><span class='ocrx_word' id='word_1_69' title='bbox 406 1769 517 1834; x_wconf 87' lang='lat' dir='ltr'>dictus</span> <span class='ocrx_word' id='word_1_70' title='bbox 535 1788 596 1833; x_wconf 86' lang='lat' dir='ltr'>rex</span> <span class='ocrx_word' id='word_1_71' title='bbox 612 1766 801 1845; x_wconf 88' lang='lat' dir='ltr'>abeodem,</span> <span class='ocrx_word' id='word_1_72' title='bbox 821 1765 852 1829; x_wconf 88' lang='lat' dir='ltr'>si</span> <span class='ocrx_word' id='word_1_73' title='bbox 875 1785 937 1830; x_wconf 79' lang='lat' dir='ltr'>nex</span> <span class='ocrx_word' id='word_1_74' title='bbox 960 1765 1099 1848; x_wconf 79' lang='lat' dir='ltr'>Anglim</span> <span class='ocrx_word' id='word_1_75' title='bbox 1119 1765 1298 1831; x_wconf 84' lang='lat' dir='ltr'>Jobannes</span> <span class='ocrx_word' id='word_1_76' title='bbox 1325 1767 1492 1850; x_wconf 76' lang='lat' dir='ltr'>aliquibus</span> 
     </span>
     <span class='ocr_line' id='line_1_11' title="bbox 405 1865 1492 1951; baseline 0 -20"><span class='ocrx_word' id='word_1_77' title='bbox 405 1869 551 1951; x_wconf 90' lang='lat' dir='ltr'>polleret</span> <span class='ocrx_word' id='word_1_78' title='bbox 568 1868 731 1943; x_wconf 88' lang='lat' dir='ltr'>moribus,</span> <span class='ocrx_word' id='word_1_79' title='bbox 748 1874 784 1930; x_wconf 92' lang='lat' dir='ltr'>et</span> <span class='ocrx_word' id='word_1_80' title='bbox 804 1866 834 1930; x_wconf 88' lang='lat' dir='ltr'>si</span> <span class='ocrx_word' id='word_1_81' title='bbox 857 1865 983 1929; x_wconf 88' lang='lat' dir='ltr'>liberos</span> <span class='ocrx_word' id='word_1_82' title='bbox 999 1873 1158 1931; x_wconf 89' lang='lat' dir='ltr'>strenuos</span> <span class='ocrx_word' id='word_1_83' title='bbox 1172 1875 1403 1949; x_wconf 80' lang='lat' dir='ltr'>procreasset,</span> <span class='ocrx_word' id='word_1_84' title='bbox 1420 1869 1492 1931; x_wconf 90' lang='lat' dir='ltr'>etsi</span> 
     </span>
     <span class='ocr_line' id='line_1_12' title="bbox 406 1965 1492 2050; baseline -0.002 -18"><span class='ocrx_word' id='word_1_85' title='bbox 406 1975 528 2050; x_wconf 91' lang='lat' dir='ltr'>potens</span> <span class='ocrx_word' id='word_1_86' title='bbox 544 1967 680 2031; x_wconf 89' lang='lat' dir='ltr'>essetin</span> <span class='ocrx_word' id='word_1_87' title='bbox 697 1967 732 2030; x_wconf 87' lang='lat' dir='ltr'>vi</span> <span class='ocrx_word' id='word_1_88' title='bbox 748 1966 969 2048; x_wconf 76' lang='lat' dir='ltr'>generativu3</span> <span class='ocrx_word' id='word_1_89' title='bbox 991 1965 1203 2049; x_wconf 78' lang='lat' dir='ltr'>addiditque,</span> <span class='ocrx_word' id='word_1_90' title='bbox 1215 1966 1307 2049; x_wconf 94' lang='lat' dir='ltr'>quod</span> <span class='ocrx_word' id='word_1_91' title='bbox 1320 1966 1352 2030; x_wconf 91' lang='lat' dir='ltr'>si</span> <span class='ocrx_word' id='word_1_92' title='bbox 1366 1965 1492 2031; x_wconf 86' lang='lat' dir='ltr'>Rober-</span> 
     </span>
     <span class='ocr_line' id='line_1_13' title="bbox 408 2064 1491 2150; baseline -0.002 -18"><span class='ocrx_word' id='word_1_93' title='bbox 408 2075 466 2132; x_wconf 88' lang='lat' dir='ltr'>tus</span> <span class='ocrx_word' id='word_1_94' title='bbox 489 2086 592 2150; x_wconf 88' lang='lat' dir='ltr'>super</span> <span class='ocrx_word' id='word_1_95' title='bbox 619 2065 673 2129; x_wconf 90' lang='lat' dir='ltr'>bis</span> <span class='ocrx_word' id='word_1_96' title='bbox 701 2064 923 2147; x_wconf 76' lang='lat' dir='ltr'>interrogatis</span> <span class='ocrx_word' id='word_1_97' title='bbox 949 2065 1162 2143; x_wconf 86' lang='lat' dir='ltr'>mentiretur,</span> <span class='ocrx_word' id='word_1_98' title='bbox 1193 2084 1381 2147; x_wconf 88' lang='lat' dir='ltr'>nunquam,</span> <span class='ocrx_word' id='word_1_99' title='bbox 1409 2085 1491 2148; x_wconf 83' lang='lat' dir='ltr'>pra-</span> 
     </span>
     <span class='ocr_line' id='line_1_14' title="bbox 406 2163 1492 2249; baseline -0.003 -18"><span class='ocrx_word' id='word_1_100' title='bbox 406 2168 506 2249; x_wconf 87' lang='lat' dir='ltr'>eipue</span> <span class='ocrx_word' id='word_1_101' title='bbox 532 2166 668 2242; x_wconf 83' lang='lat' dir='ltr'>elerico,</span> <span class='ocrx_word' id='word_1_102' title='bbox 689 2164 842 2229; x_wconf 88' lang='lat' dir='ltr'>crederet</span> <span class='ocrx_word' id='word_1_103' title='bbox 863 2163 1070 2230; x_wconf 85' lang='lat' dir='ltr'>Christiano.</span> <span class='ocrx_word' id='word_1_104' title='bbox 1120 2165 1219 2230; x_wconf 83' lang='lat' dir='ltr'>Tunc</span> <span class='ocrx_word' id='word_1_105' title='bbox 1236 2164 1414 2230; x_wconf 84' lang='lat' dir='ltr'>Robertus</span> <span class='ocrx_word' id='word_1_106' title='bbox 1434 2166 1492 2229; x_wconf 88' lang='lat' dir='ltr'>sub</span> 
     </span>
     <span class='ocr_line' id='line_1_15' title="bbox 407 2263 1490 2347; baseline -0.003 -16"><span class='ocrx_word' id='word_1_107' title='bbox 407 2267 629 2331; x_wconf 85' lang='lat' dir='ltr'>attestatione</span> <span class='ocrx_word' id='word_1_108' title='bbox 653 2264 740 2347; x_wconf 77' lang='lat' dir='ltr'>legis</span> <span class='ocrx_word' id='word_1_109' title='bbox 757 2263 963 2329; x_wconf 75' lang='lat' dir='ltr'>Christiane</span> <span class='ocrx_word' id='word_1_110' title='bbox 978 2284 1016 2328; x_wconf 86' lang='lat' dir='ltr'>se</span> <span class='ocrx_word' id='word_1_111' title='bbox 1031 2264 1188 2347; x_wconf 89' lang='lat' dir='ltr'>promisit</span> <span class='ocrx_word' id='word_1_112' title='bbox 1202 2264 1245 2328; x_wconf 87' lang='lat' dir='ltr'>ad</span> <span class='ocrx_word' id='word_1_113' title='bbox 1261 2266 1379 2329; x_wconf 86' lang='lat' dir='ltr'>omnia</span> <span class='ocrx_word' id='word_1_114' title='bbox 1391 2266 1490 2330; x_wconf 87' lang='lat' dir='ltr'>inter·</span> 
     </span>
     <span class='ocr_line' id='line_1_16' title="bbox 407 2362 1490 2447; baseline -0.001 -17"><span class='ocrx_word' id='word_1_115' title='bbox 407 2373 529 2446; x_wconf 76' lang='lat' dir='ltr'>rogata</span> <span class='ocrx_word' id='word_1_116' title='bbox 545 2364 713 2429; x_wconf 80' lang='lat' dir='ltr'>veraciter</span> <span class='ocrx_word' id='word_1_117' title='bbox 736 2382 991 2447; x_wconf 89' lang='lat' dir='ltr'>responsurum.</span> <span class='ocrx_word' id='word_1_118' title='bbox 1041 2363 1143 2428; x_wconf 84' lang='lat' dir='ltr'>Dixit</span> <span class='ocrx_word' id='word_1_119' title='bbox 1158 2365 1265 2447; x_wconf 77' lang='lat' dir='ltr'>igitur</span> <span class='ocrx_word' id='word_1_120' title='bbox 1280 2362 1490 2443; x_wconf 84' lang='lat' dir='ltr'>affirmative,</span> 
     </span>
     <span class='ocr_line' id='line_1_17' title="bbox 406 2463 1491 2547; baseline 0.002 -20"><span class='ocrx_word' id='word_1_121' title='bbox 406 2463 498 2547; x_wconf 89' lang='lat' dir='ltr'>quod</span> <span class='ocrx_word' id='word_1_122' title='bbox 520 2465 635 2546; x_wconf 92' lang='lat' dir='ltr'>potius</span> <span class='ocrx_word' id='word_1_123' title='bbox 660 2463 726 2529; x_wconf 84' lang='lat' dir='ltr'>suit</span> <span class='ocrx_word' id='word_1_124' title='bbox 750 2470 919 2547; x_wconf 83' lang='lat' dir='ltr'>tyrannus</span> <span class='ocrx_word' id='word_1_125' title='bbox 944 2482 1049 2545; x_wconf 91' lang='lat' dir='ltr'>quam</span> <span class='ocrx_word' id='word_1_126' title='bbox 1072 2483 1147 2541; x_wconf 80' lang='lat' dir='ltr'>ren,</span> <span class='ocrx_word' id='word_1_127' title='bbox 1168 2464 1284 2546; x_wconf 91' lang='lat' dir='ltr'>potius</span> <span class='ocrx_word' id='word_1_128' title='bbox 1311 2465 1491 2529; x_wconf 81' lang='lat' dir='ltr'>subversor</span> 
     </span>
     <span class='ocr_line' id='line_1_18' title="bbox 406 2562 1489 2647; baseline -0.001 -19"><span class='ocrx_word' id='word_1_129' title='bbox 406 2582 509 2647; x_wconf 91' lang='lat' dir='ltr'>quam</span> <span class='ocrx_word' id='word_1_130' title='bbox 524 2564 744 2647; x_wconf 77' lang='lat' dir='ltr'>gubernator,</span> <span class='ocrx_word' id='word_1_131' title='bbox 762 2582 944 2646; x_wconf 85' lang='lat' dir='ltr'>oppressor</span> <span class='ocrx_word' id='word_1_132' title='bbox 957 2581 1097 2627; x_wconf 88' lang='lat' dir='ltr'>suorum</span> <span class='ocrx_word' id='word_1_133' title='bbox 1113 2570 1148 2628; x_wconf 88' lang='lat' dir='ltr'>et</span> <span class='ocrx_word' id='word_1_134' title='bbox 1158 2562 1272 2627; x_wconf 82' lang='lat' dir='ltr'>fautor</span> <span class='ocrx_word' id='word_1_135' title='bbox 1288 2563 1489 2643; x_wconf 79' lang='lat' dir='ltr'>alienorum3</span> 
     </span>
     <span class='ocr_line' id='line_1_19' title="bbox 406 2661 1491 2747; baseline 0 -20"><span class='ocrx_word' id='word_1_136' title='bbox 406 2663 461 2728; x_wconf 89' lang='lat' dir='ltr'>leo</span> <span class='ocrx_word' id='word_1_137' title='bbox 476 2663 549 2727; x_wconf 89' lang='lat' dir='ltr'>suis</span> <span class='ocrx_word' id='word_1_138' title='bbox 571 2663 729 2739; x_wconf 87' lang='lat' dir='ltr'>subditis,</span> <span class='ocrx_word' id='word_1_139' title='bbox 750 2682 861 2745; x_wconf 75' lang='lat' dir='ltr'>agnus</span> <span class='ocrx_word' id='word_1_140' title='bbox 877 2661 1078 2743; x_wconf 77' lang='lat' dir='ltr'>alienigenis</span> <span class='ocrx_word' id='word_1_141' title='bbox 1093 2669 1129 2727; x_wconf 90' lang='lat' dir='ltr'>et</span> <span class='ocrx_word' id='word_1_142' title='bbox 1142 2661 1338 2740; x_wconf 83' lang='lat' dir='ltr'>rebellibus,</span> <span class='ocrx_word' id='word_1_143' title='bbox 1358 2664 1419 2747; x_wconf 90' lang='lat' dir='ltr'>qui</span> <span class='ocrx_word' id='word_1_144' title='bbox 1435 2683 1491 2747; x_wconf 86' lang='lat' dir='ltr'>per</span> 
     </span>
     <span class='ocr_line' id='line_1_20' title="bbox 407 2761 1490 2829; baseline 0.001 -3"><span class='ocrx_word' id='word_1_145' title='bbox 407 2762 573 2828; x_wconf 87' lang='lat' dir='ltr'>desidiam</span> <span class='ocrx_word' id='word_1_146' title='bbox 586 2781 685 2827; x_wconf 87' lang='lat' dir='ltr'>suam</span> <span class='ocrx_word' id='word_1_147' title='bbox 701 2762 925 2827; x_wconf 86' lang='lat' dir='ltr'>Normanuiee</span> <span class='ocrx_word' id='word_1_148' title='bbox 941 2761 1104 2826; x_wconf 88' lang='lat' dir='ltr'>ducatum</span> <span class='ocrx_word' id='word_1_149' title='bbox 1120 2769 1156 2826; x_wconf 92' lang='lat' dir='ltr'>et</span> <span class='ocrx_word' id='word_1_150' title='bbox 1176 2762 1263 2827; x_wconf 87' lang='lat' dir='ltr'>alias</span> <span class='ocrx_word' id='word_1_151' title='bbox 1282 2762 1412 2827; x_wconf 83' lang='lat' dir='ltr'>multas</span> <span class='ocrx_word' id='word_1_152' title='bbox 1426 2771 1490 2829; x_wconf 89' lang='lat' dir='ltr'>ter-</span> 
     </span>
     <span class='ocr_line' id='line_1_21' title="bbox 405 2859 1489 2945; baseline 0 -18"><span class='ocrx_word' id='word_1_153' title='bbox 405 2882 463 2927; x_wconf 85' lang='lat' dir='ltr'>ras</span> <span class='ocrx_word' id='word_1_154' title='bbox 491 2864 665 2938; x_wconf 85' lang='lat' dir='ltr'>amiserat,</span> <span class='ocrx_word' id='word_1_155' title='bbox 696 2869 732 2927; x_wconf 90' lang='lat' dir='ltr'>et</span> <span class='ocrx_word' id='word_1_156' title='bbox 754 2862 894 2945; x_wconf 87' lang='lat' dir='ltr'>iusuper</span> <span class='ocrx_word' id='word_1_157' title='bbox 920 2859 1060 2943; x_wconf 82' lang='lat' dir='ltr'>Angliae</span> <span class='ocrx_word' id='word_1_158' title='bbox 1089 2881 1231 2943; x_wconf 80' lang='lat' dir='ltr'>regnum</span> <span class='ocrx_word' id='word_1_159' title='bbox 1255 2862 1414 2927; x_wconf 83' lang='lat' dir='ltr'>emittere</span> <span class='ocrx_word' id='word_1_160' title='bbox 1438 2863 1489 2929; x_wconf 84' lang='lat' dir='ltr'>vel</span> 
     </span>
     <span class='ocr_line' id='line_1_22' title="bbox 409 2958 1491 3045; baseline -0.003 -18"><span class='ocrx_word' id='word_1_161' title='bbox 409 2963 583 3027; x_wconf 87' lang='lat' dir='ltr'>destruere</span> <span class='ocrx_word' id='word_1_162' title='bbox 600 2961 762 3040; x_wconf 84' lang='lat' dir='ltr'>sitiebat;</span> <span class='ocrx_word' id='word_1_163' title='bbox 786 2958 942 3044; x_wconf 81' lang='lat' dir='ltr'>pecuniae</span> <span class='ocrx_word' id='word_1_164' title='bbox 956 2968 1113 3025; x_wconf 84' lang='lat' dir='ltr'>extortor</span> <span class='ocrx_word' id='word_1_165' title='bbox 1127 2961 1345 3036; x_wconf 87' lang='lat' dir='ltr'>insatiabilis,</span> <span class='ocrx_word' id='word_1_166' title='bbox 1360 2981 1491 3045; x_wconf 87' lang='lat' dir='ltr'>posses·</span> 
     </span>
     <span class='ocr_line' id='line_1_23' title="bbox 406 3059 1490 3143; baseline -0.002 -16"><span class='ocrx_word' id='word_1_167' title='bbox 406 3063 540 3127; x_wconf 90' lang='lat' dir='ltr'>siouum</span> <span class='ocrx_word' id='word_1_168' title='bbox 554 3080 693 3127; x_wconf 88' lang='lat' dir='ltr'>suorum</span> <span class='ocrx_word' id='word_1_169' title='bbox 707 3059 917 3125; x_wconf 76' lang='lat' dir='ltr'>naturalium</span> <span class='ocrx_word' id='word_1_170' title='bbox 933 3059 1073 3125; x_wconf 79' lang='lat' dir='ltr'>invasor</span> <span class='ocrx_word' id='word_1_171' title='bbox 1084 3060 1341 3137; x_wconf 85' lang='lat' dir='ltr'>etdestructor;</span> <span class='ocrx_word' id='word_1_172' title='bbox 1366 3080 1490 3143; x_wconf 83' lang='lat' dir='ltr'>paucos</span> 
     </span>
     <span class='ocr_line' id='line_1_24' title="bbox 407 3159 1489 3244; baseline -0.002 -17"><span class='ocrx_word' id='word_1_173' title='bbox 407 3162 463 3227; x_wconf 86' lang='lat' dir='ltr'>vel</span> <span class='ocrx_word' id='word_1_174' title='bbox 486 3163 603 3244; x_wconf 87' lang='lat' dir='ltr'>potius</span> <span class='ocrx_word' id='word_1_175' title='bbox 627 3160 740 3225; x_wconf 87' lang='lat' dir='ltr'>nullos</span> <span class='ocrx_word' id='word_1_176' title='bbox 761 3167 920 3224; x_wconf 87' lang='lat' dir='ltr'>strennos</span> <span class='ocrx_word' id='word_1_177' title='bbox 944 3161 1134 3241; x_wconf 79' lang='lat' dir='ltr'>generavit,</span> <span class='ocrx_word' id='word_1_178' title='bbox 1161 3159 1221 3224; x_wconf 89' lang='lat' dir='ltr'>sed</span> <span class='ocrx_word' id='word_1_179' title='bbox 1245 3161 1489 3242; x_wconf 80' lang='lat' dir='ltr'>patrissantes3</span> 
     </span>
     <span class='ocr_line' id='line_1_25' title="bbox 406 3258 1490 3345; baseline 0 -20"><span class='ocrx_word' id='word_1_180' title='bbox 406 3280 567 3345; x_wconf 87' lang='lat' dir='ltr'>sponsam</span> <span class='ocrx_word' id='word_1_181' title='bbox 586 3260 690 3325; x_wconf 90' lang='lat' dir='ltr'>babet</span> <span class='ocrx_word' id='word_1_182' title='bbox 704 3260 769 3323; x_wconf 88' lang='lat' dir='ltr'>sibi</span> <span class='ocrx_word' id='word_1_183' title='bbox 783 3278 924 3323; x_wconf 88' lang='lat' dir='ltr'>exosam</span> <span class='ocrx_word' id='word_1_184' title='bbox 940 3267 976 3322; x_wconf 93' lang='lat' dir='ltr'>et</span> <span class='ocrx_word' id='word_1_185' title='bbox 988 3258 1101 3342; x_wconf 89' lang='lat' dir='ltr'>ipsum</span> <span class='ocrx_word' id='word_1_186' title='bbox 1116 3258 1297 3335; x_wconf 87' lang='lat' dir='ltr'>odientem,</span> <span class='ocrx_word' id='word_1_187' title='bbox 1315 3259 1490 3338; x_wconf 86' lang='lat' dir='ltr'>incestam,</span> 
     </span>
     <span class='ocr_line' id='line_1_26' title="bbox 405 3358 1488 3441; baseline -0.001 -16"><span class='ocrx_word' id='word_1_188' title='bbox 405 3360 594 3425; x_wconf 84' lang='lat' dir='ltr'>maleficam</span> <span class='ocrx_word' id='word_1_189' title='bbox 611 3369 647 3424; x_wconf 93' lang='lat' dir='ltr'>et</span> <span class='ocrx_word' id='word_1_190' title='bbox 662 3359 866 3436; x_wconf 87' lang='lat' dir='ltr'>adulteram,</span> <span class='ocrx_word' id='word_1_191' title='bbox 879 3366 915 3423; x_wconf 92' lang='lat' dir='ltr'>et</span> <span class='ocrx_word' id='word_1_192' title='bbox 928 3377 1032 3441; x_wconf 87' lang='lat' dir='ltr'>super</span> <span class='ocrx_word' id='word_1_193' title='bbox 1047 3358 1121 3423; x_wconf 84' lang='lat' dir='ltr'>baec</span> <span class='ocrx_word' id='word_1_194' title='bbox 1135 3359 1263 3441; x_wconf 71' lang='lat' dir='ltr'>saepius</span> <span class='ocrx_word' id='word_1_195' title='bbox 1285 3362 1488 3436; x_wconf 81' lang='lat' dir='ltr'>conuictam,</span> 
     </span>
     <span class='ocr_line' id='line_1_27' title="bbox 406 3457 1490 3543; baseline -0.002 -20"><span class='ocrx_word' id='word_1_196' title='bbox 406 3459 496 3523; x_wconf 91' lang='lat' dir='ltr'>uude</span> <span class='ocrx_word' id='word_1_197' title='bbox 508 3479 571 3523; x_wconf 82' lang='lat' dir='ltr'>rex</span> <span class='ocrx_word' id='word_1_198' title='bbox 587 3477 733 3541; x_wconf 86' lang='lat' dir='ltr'>sponsus</span> <span class='ocrx_word' id='word_1_199' title='bbox 747 3459 823 3543; x_wconf 89' lang='lat' dir='ltr'>ejus</span> <span class='ocrx_word' id='word_1_200' title='bbox 844 3458 1107 3540; x_wconf 80' lang='lat' dir='ltr'>comprehensos</span> <span class='ocrx_word' id='word_1_201' title='bbox 1129 3457 1252 3541; x_wconf 86' lang='lat' dir='ltr'>laqueo</span> <span class='ocrx_word' id='word_1_202' title='bbox 1265 3459 1375 3542; x_wconf 87' lang='lat' dir='ltr'>jussit</span> <span class='ocrx_word' id='word_1_203' title='bbox 1390 3479 1490 3543; x_wconf 86' lang='lat' dir='ltr'>super</span> 
     </span>
     <span class='ocr_line' id='line_1_28' title="bbox 406 3557 1490 3643; baseline 0 -20"><span class='ocrx_word' id='word_1_204' title='bbox 406 3566 552 3623; x_wconf 87' lang='lat' dir='ltr'>stratum</span> <span class='ocrx_word' id='word_1_205' title='bbox 568 3559 643 3643; x_wconf 87' lang='lat' dir='ltr'>ejus</span> <span class='ocrx_word' id='word_1_206' title='bbox 658 3558 840 3637; x_wconf 79' lang='lat' dir='ltr'>suffocari3</span> <span class='ocrx_word' id='word_1_207' title='bbox 861 3558 935 3640; x_wconf 89' lang='lat' dir='ltr'>ipse</span> <span class='ocrx_word' id='word_1_208' title='bbox 951 3576 1013 3621; x_wconf 79' lang='lat' dir='ltr'>rex</span> <span class='ocrx_word' id='word_1_209' title='bbox 1029 3557 1248 3622; x_wconf 87' lang='lat' dir='ltr'>nibilominus</span> <span class='ocrx_word' id='word_1_210' title='bbox 1269 3558 1398 3623; x_wconf 85' lang='lat' dir='ltr'>multos</span> <span class='ocrx_word' id='word_1_211' title='bbox 1418 3578 1490 3642; x_wconf 82' lang='lat' dir='ltr'>pro</span> 
     </span>
     <span class='ocr_line' id='line_1_29' title="bbox 406 3656 1488 3740; baseline -0.001 -17"><span class='ocrx_word' id='word_1_212' title='bbox 406 3677 519 3723; x_wconf 88' lang='lat' dir='ltr'>cerum</span> <span class='ocrx_word' id='word_1_213' title='bbox 546 3677 684 3722; x_wconf 86' lang='lat' dir='ltr'>suorum</span> <span class='ocrx_word' id='word_1_214' title='bbox 711 3665 747 3723; x_wconf 90' lang='lat' dir='ltr'>et</span> <span class='ocrx_word' id='word_1_215' title='bbox 774 3658 878 3721; x_wconf 90' lang='lat' dir='ltr'>etiam</span> <span class='ocrx_word' id='word_1_216' title='bbox 905 3659 1179 3739; x_wconf 79' lang='lat' dir='ltr'>consanguineos</span> <span class='ocrx_word' id='word_1_217' title='bbox 1196 3656 1397 3740; x_wconf 84' lang='lat' dir='ltr'>zelotipavit</span> <span class='ocrx_word' id='word_1_218' title='bbox 1418 3659 1488 3722; x_wconf 83' lang='lat' dir='ltr'>vio·</span> 
     </span>
     <span class='ocr_line' id='line_1_30' title="bbox 406 3754 1489 3840; baseline -0.001 -18"><span class='ocrx_word' id='word_1_219' title='bbox 406 3758 527 3835; x_wconf 90' lang='lat' dir='ltr'>lenter,</span> <span class='ocrx_word' id='word_1_220' title='bbox 558 3776 599 3822; x_wconf 84' lang='lat' dir='ltr'>ac</span> <span class='ocrx_word' id='word_1_221' title='bbox 630 3756 718 3820; x_wconf 89' lang='lat' dir='ltr'>filias</span> <span class='ocrx_word' id='word_1_222' title='bbox 742 3754 895 3840; x_wconf 84' lang='lat' dir='ltr'>corrupit</span> <span class='ocrx_word' id='word_1_223' title='bbox 922 3757 1054 3821; x_wconf 87' lang='lat' dir='ltr'>nubiles</span> <span class='ocrx_word' id='word_1_224' title='bbox 1085 3767 1121 3821; x_wconf 91' lang='lat' dir='ltr'>et</span> <span class='ocrx_word' id='word_1_225' title='bbox 1145 3775 1300 3836; x_wconf 81' lang='lat' dir='ltr'>sorores3</span> <span class='ocrx_word' id='word_1_226' title='bbox 1333 3757 1370 3822; x_wconf 91' lang='lat' dir='ltr'>iu</span> <span class='ocrx_word' id='word_1_227' title='bbox 1398 3757 1489 3822; x_wconf 90' lang='lat' dir='ltr'>cultu</span> 
     </span>
     <span class='ocr_line' id='line_1_31' title="bbox 405 3855 1490 3938; baseline -0.002 -16"><span class='ocrx_word' id='word_1_228' title='bbox 405 3866 521 3924; x_wconf 90' lang='lat' dir='ltr'>autem</span> <span class='ocrx_word' id='word_1_229' title='bbox 550 3856 757 3934; x_wconf 86' lang='lat' dir='ltr'>Christiano,</span> <span class='ocrx_word' id='word_1_230' title='bbox 786 3862 889 3938; x_wconf 92' lang='lat' dir='ltr'>prout</span> <span class='ocrx_word' id='word_1_231' title='bbox 920 3856 1076 3933; x_wconf 87' lang='lat' dir='ltr'>audistis,</span> <span class='ocrx_word' id='word_1_232' title='bbox 1100 3856 1271 3921; x_wconf 83' lang='lat' dir='ltr'>fluctuans</span> <span class='ocrx_word' id='word_1_233' title='bbox 1292 3865 1329 3920; x_wconf 91' lang='lat' dir='ltr'>et</span> <span class='ocrx_word' id='word_1_234' title='bbox 1351 3855 1490 3921; x_wconf 84' lang='lat' dir='ltr'>diffisus.</span> 
     </span>
     <span class='ocr_line' id='line_1_32' title="bbox 407 3954 1490 4034; baseline -0.003 -11"><span class='ocrx_word' id='word_1_235' title='bbox 407 3958 498 4023; x_wconf 88' lang='lat' dir='ltr'>Haee</span> <span class='ocrx_word' id='word_1_236' title='bbox 528 3976 605 4020; x_wconf 84' lang='lat' dir='ltr'>eum</span> <span class='ocrx_word' id='word_1_237' title='bbox 637 3956 789 4021; x_wconf 90' lang='lat' dir='ltr'>audisset</span> <span class='ocrx_word' id='word_1_238' title='bbox 821 3974 884 4020; x_wconf 79' lang='lat' dir='ltr'>rex</span> <span class='ocrx_word' id='word_1_239' title='bbox 914 3954 1124 4034; x_wconf 87' lang='lat' dir='ltr'>admiralius,</span> <span class='ocrx_word' id='word_1_240' title='bbox 1155 3975 1223 4019; x_wconf 91' lang='lat' dir='ltr'>non</span> <span class='ocrx_word' id='word_1_241' title='bbox 1257 3962 1375 4020; x_wconf 90' lang='lat' dir='ltr'>tamen</span> <span class='ocrx_word' id='word_1_242' title='bbox 1403 3958 1490 4021; x_wconf 86' lang='lat' dir='ltr'>sieut</span> 
     </span>
     <span class='ocr_line' id='line_1_33' title="bbox 405 4053 1490 4141; baseline -0.003 -19"><span class='ocrx_word' id='word_1_243' title='bbox 405 4059 500 4141; x_wconf 89' lang='lat' dir='ltr'>prius</span> <span class='ocrx_word' id='word_1_244' title='bbox 531 4058 643 4140; x_wconf 88' lang='lat' dir='ltr'>ipsum</span> <span class='ocrx_word' id='word_1_245' title='bbox 676 4056 818 4138; x_wconf 84' lang='lat' dir='ltr'>sprevit,</span> <span class='ocrx_word' id='word_1_246' title='bbox 849 4055 909 4119; x_wconf 85' lang='lat' dir='ltr'>sed</span> <span class='ocrx_word' id='word_1_247' title='bbox 937 4053 1173 4120; x_wconf 87' lang='lat' dir='ltr'>detestabatur</span> <span class='ocrx_word' id='word_1_248' title='bbox 1201 4062 1237 4120; x_wconf 92' lang='lat' dir='ltr'>et</span> <span class='ocrx_word' id='word_1_249' title='bbox 1263 4056 1300 4120; x_wconf 94' lang='lat' dir='ltr'>iu</span> <span class='ocrx_word' id='word_1_250' title='bbox 1323 4075 1390 4120; x_wconf 88' lang='lat' dir='ltr'>sua</span> <span class='ocrx_word' id='word_1_251' title='bbox 1418 4056 1490 4138; x_wconf 78' lang='lat' dir='ltr'>lege</span> 
     </span>
     <span class='ocr_line' id='line_1_34' title="bbox 406 4153 1490 4238; baseline -0.001 -18"><span class='ocrx_word' id='word_1_252' title='bbox 406 4155 596 4234; x_wconf 83' lang='lat' dir='ltr'>maledixit,</span> <span class='ocrx_word' id='word_1_253' title='bbox 617 4164 653 4220; x_wconf 92' lang='lat' dir='ltr'>et</span> <span class='ocrx_word' id='word_1_254' title='bbox 674 4156 735 4232; x_wconf 91' lang='lat' dir='ltr'>ait,</span> <span class='ocrx_word' id='word_1_255' title='bbox 753 4153 896 4233; x_wconf 86' lang='lat' dir='ltr'>‘Quare</span> <span class='ocrx_word' id='word_1_256' title='bbox 918 4155 1120 4238; x_wconf 89' lang='lat' dir='ltr'>permittunt</span> <span class='ocrx_word' id='word_1_257' title='bbox 1139 4155 1254 4219; x_wconf 88' lang='lat' dir='ltr'>miseri</span> <span class='ocrx_word' id='word_1_258' title='bbox 1279 4153 1418 4237; x_wconf 80' lang='lat' dir='ltr'>Anglici</span> <span class='ocrx_word' id='word_1_259' title='bbox 1439 4165 1490 4219; x_wconf 81' lang='lat' dir='ltr'>ta-</span> 
     </span>
     <span class='ocr_line' id='line_1_35' title="bbox 405 4253 1488 4340; baseline -0.003 -20"><span class='ocrx_word' id='word_1_260' title='bbox 405 4256 471 4320; x_wconf 93' lang='lat' dir='ltr'>lem</span> <span class='ocrx_word' id='word_1_261' title='bbox 489 4275 647 4340; x_wconf 88' lang='lat' dir='ltr'>superse</span> <span class='ocrx_word' id='word_1_262' title='bbox 664 4273 805 4337; x_wconf 80' lang='lat' dir='ltr'>regnare</span> <span class='ocrx_word' id='word_1_263' title='bbox 828 4261 864 4319; x_wconf 94' lang='lat' dir='ltr'>et</span> <span class='ocrx_word' id='word_1_264' title='bbox 883 4253 1074 4319; x_wconf 85' lang='lat' dir='ltr'>dominaril</span> <span class='ocrx_word' id='word_1_265' title='bbox 1101 4273 1181 4319; x_wconf 85' lang='lat' dir='ltr'>vere</span> <span class='ocrx_word' id='word_1_266' title='bbox 1198 4254 1398 4320; x_wconf 81' lang='lat' dir='ltr'>effoeminati</span> <span class='ocrx_word' id='word_1_267' title='bbox 1411 4261 1488 4318; x_wconf 87' lang='lat' dir='ltr'>sunt</span> 
     </span>
     <span class='ocr_line' id='line_1_36' title="bbox 405 4352 1487 4437; baseline -0.003 -17"><span class='ocrx_word' id='word_1_268' title='bbox 405 4363 441 4421; x_wconf 90' lang='lat' dir='ltr'>et</span> <span class='ocrx_word' id='word_1_269' title='bbox 454 4356 617 4421; x_wconf 64' lang='lat' dir='ltr'>serviles?</span> <span class='ocrx_word' id='word_1_270' title='bbox 669 4353 862 4437; x_wconf 85' lang='lat' dir='ltr'>Respondit</span> <span class='ocrx_word' id='word_1_271' title='bbox 886 4353 1073 4432; x_wconf 89' lang='lat' dir='ltr'>Robertus,</span> <span class='ocrx_word' id='word_1_272' title='bbox 1089 4359 1100 4389; x_wconf 91' lang='lat'>‘</span> <span class='ocrx_word' id='word_1_273' title='bbox 1114 4352 1365 4418; x_wconf 89' lang='lat' dir='ltr'>Patientissimi</span> <span class='ocrx_word' id='word_1_274' title='bbox 1384 4354 1487 4419; x_wconf 92' lang='lat' dir='ltr'>bomi-</span> 
     </span>
     <span class='ocr_line' id='line_1_37' title="bbox 405 4452 1487 4537; baseline -0.002 -19"><span class='ocrx_word' id='word_1_275' title='bbox 405 4474 487 4519; x_wconf 91' lang='lat' dir='ltr'>num</span> <span class='ocrx_word' id='word_1_276' title='bbox 516 4463 598 4521; x_wconf 89' lang='lat' dir='ltr'>sunt</span> <span class='ocrx_word' id='word_1_277' title='bbox 619 4453 771 4536; x_wconf 78' lang='lat' dir='ltr'>Anglioi,</span> <span class='ocrx_word' id='word_1_278' title='bbox 795 4453 903 4518; x_wconf 89' lang='lat' dir='ltr'>donec</span> <span class='ocrx_word' id='word_1_279' title='bbox 929 4473 1034 4537; x_wconf 86' lang='lat' dir='ltr'>supra</span> <span class='ocrx_word' id='word_1_280' title='bbox 1060 4453 1197 4517; x_wconf 90' lang='lat' dir='ltr'>modum</span> <span class='ocrx_word' id='word_1_281' title='bbox 1221 4452 1438 4537; x_wconf 83' lang='lat' dir='ltr'>offendantur</span> <span class='ocrx_word' id='word_1_282' title='bbox 1454 4460 1487 4516; x_wconf 87' lang='lat' dir='ltr'>et</span> 
     </span>
     <span class='ocr_line' id='line_1_38' title="bbox 405 4552 1488 4637; baseline 0 -20"><span class='ocrx_word' id='word_1_283' title='bbox 405 4553 674 4619; x_wconf 87' lang='lat' dir='ltr'>damnificentur.</span> <span class='ocrx_word' id='word_1_284' title='bbox 743 4553 846 4617; x_wconf 92' lang='lat' dir='ltr'>Nunc</span> <span class='ocrx_word' id='word_1_285' title='bbox 885 4561 999 4618; x_wconf 91' lang='lat' dir='ltr'>autem</span> <span class='ocrx_word' id='word_1_286' title='bbox 1039 4552 1129 4617; x_wconf 88' lang='lat' dir='ltr'>sicut</span> <span class='ocrx_word' id='word_1_287' title='bbox 1158 4553 1212 4618; x_wconf 90' lang='lat' dir='ltr'>leo</span> <span class='ocrx_word' id='word_1_288' title='bbox 1249 4552 1306 4617; x_wconf 80' lang='lat' dir='ltr'>rel</span> <span class='ocrx_word' id='word_1_289' title='bbox 1342 4553 1488 4637; x_wconf 85' lang='lat' dir='ltr'>elepbas,</span> 
     </span>
    </p>
   </div>
   <div class='ocr_carea' id='block_1_4' title="bbox 0 0 1672 5734">
    <p class='ocr_par' dir='ltr' id='par_1_4' title="bbox 0 0 1672 5734">
     <span class='ocr_line' id='line_1_39' title="bbox 0 0 1672 5734; baseline 0 0"><span class='ocrx_word' id='word_1_290' title='bbox 0 0 1672 5734; x_wconf 95' lang='lat' dir='ltr'> </span> 
     </span>
    </p>
   </div>
  </div>
 </body>
</html>
