3334 5734
410 733 477 801 206
775 751 973 803 uncrrouus
995 752 1125 801 viuum

408 934 637 1001 constantium
663 952 725 1016 per
753 932 946 1012 avaritiam,
976 933 1184 1017 significavit
1210 933 1242 998 ei
1272 935 1365 1017 quod
1388 935 1494 999 uoluit

409 1033 660 1117 parlamentum
681 1032 806 1099 hebere
822 1032 1002 1116 pacificum
1023 1052 1101 1098 cum
1115 1054 1172 1114 eo;
1203 1034 1295 1117 qnod
1319 1054 1397 1098 cum
1417 1053 1493 1098 con

409 1133 569 1203 cessisoet
599 1132 792 1209 Hubcrtus
822 1132 916 1199 misit
944 1133 1140 1198 Ludovicus
1174 1135 1312 1198 nuntios
1339 1134 1495 1199 solennes

410 1232 455 1297 od
469 1252 559 1310 curn,
574 1231 732 1301 videlicet
747 1232 792 1297 ad
813 1233 994 1316 posticum,
1010 1233 1070 1317 qui
1090 1232 1216 1298 adhoc
1232 1234 1494 1316 competen[te]s

408 1331 657 1416 videbu[n]tur.
708 1331 810 1401 Missi
836 1339 919 1401 suut
940 1332 1047 1414 igitur
1074 1333 1118 1397 ud
1141 1351 1218 1398 eum
1240 1352 1355 1398 comes
1378 1332 1494 1397 Seres·

409 1431 585 1510 heriensis,
601 1431 797 1501 willelmus
814 1431 945 1499 scilicet
965 1432 1217 1516 longe-sputu,
1232 1431 1293 1515 qui
1314 1451 1433 1496 secum
1452 1432 1493 1496 sd

409 1531 580 1599 cautelam
604 1530 772 1601 Thomsm
799 1530 842 1599 de
868 1531 999 1614 Burgo,
1025 1531 1165 1597 fratrem
1188 1531 1321 1597 scilicet
1344 1531 1495 1615 praedicti

410 1628 574 1708 liuberti,
599 1630 659 1714 qui
687 1631 845 1715 captivus
875 1638 950 1697 erot
978 1630 1163 1708 lodowici,
1194 1639 1318 1714 coptus
1340 1630 1495 1696 videlicet

410 1729 448 1795 in
469 1738 584 1797 castro
608 1729 772 1808 Norwici,
793 1737 829 1795 et
854 1737 924 1797 tres
952 1730 996 1795 de
1022 1731 1243 1796 nobilioribus
1273 1730 1494 1795 Francorum.

412 1827 592 1897 Hubertus
608 1837 723 1897 nutem
739 1830 880 1895 ueniens
894 1829 939 1895 ed
957 1829 1127 1912 posticum
1145 1830 1245 1894 duxit
1259 1849 1378 1895 secum
1401 1830 1496 1914 quin·

412 1948 480 2013 que
506 1929 783 1999 arcobalistarios
812 1948 890 1995 cum
913 1929 1047 1995 balistis
1073 1930 1146 1995 suis
1172 1930 1333 2007 extentis,
1359 1930 1496 2012 spiculis

412 2028 597 2112 adaptatis,
618 2039 658 2097 ut
680 2029 710 2097 si
734 2047 820 2112 opus
845 2037 938 2095 essct
955 2048 1025 2094 non
1044 2036 1223 2112 parcerent
1244 2029 1405 2095 inimicis.
1454 2029 1495 2093 Et

410 2129 462 2192 uit
483 2147 597 2195 comes
609 2127 815 2206 willelmus,
833 2127 1071 2207 ‘OHubcrte,
1088 2148 1157 2194 non
1171 2136 1206 2193 te
1217 2128 1314 2207 lutet,
1331 2136 1373 2193 nt
1387 2127 1495 2206 credo,

412 2247 505 2293 mors
525 2228 616 2310 regis
641 2227 812 2298 Joheuuis
838 2227 1010 2310 quondam
1031 2228 1160 2294 domini
1183 2228 1303 2305 nostri,
1326 2247 1393 2293 nce
1421 2247 1495 2292 cou-

412 2327 498 2391 ditio
515 2326 702 2411 juramenti
726 2327 855 2393 domiui
885 2326 1063 2406 Ludovici,
1094 2329 1153 2412 qui
1177 2327 1497 2392 incommutabiliter

407 2425 552 2510 juravit,
572 2427 677 2511 quod,
703 2446 782 2496 cum
807 2435 957 2493 castrum
986 2427 1052 2492 hoc
1079 2427 1245 2492 violenter
1266 2428 1495 2510 occupaverit,

412 2545 532 2592 omues
546 2525 582 2593 in
599 2546 640 2595 eo
656 2527 787 2593 inventi
800 2527 985 2609 suspendio
1001 2526 1170 2610 peribunt.
1220 2525 1373 2593 Consule
1387 2526 1450 2591 tihi
1464 2535 1498 2590 et

413 2625 533 2690 honori
555 2632 625 2691 tuo.
677 2625 759 2693 Non
774 2626 902 2708 poteris
915 2626 974 2691 diu
990 2625 1055 2691 hoc
1070 2635 1221 2692 castrum
1236 2635 1378 2703 tenere;
1402 2626 1496 2689 forti·

414 2724 498 2793 tudo
525 2723 652 2793 domini
680 2725 845 2793 Ludodci
868 2726 990 2791 crescit
1012 2726 1143 2805 diutim,
1173 2725 1340 2792 fortitudo
1373 2725 1496 2789 domiui

415 2825 507 2907 regis
531 2826 696 2895 decrescit
714 2824 893 2891 manifeste
919 2823 1046 2891 efficaci
1066 2825 1197 2890 insultu
1219 2833 1255 2890 et
1276 2824 1495 2908 quotidiun03

415 2924 470 2990 vel
483 2925 605 2989 saltem
624 2924 738 2989 inedia
758 2924 884 3008 peribis
902 2924 966 2988 uisi
985 2924 1100 3008 sepios
1121 2933 1156 2990 et
1171 2924 1323 2990 consiliis
1343 2925 1495 3006 acquies-

416 3043 487 3101 cns,
510 3025 604 3091 vides
633 3025 720 3089 enirn
746 3023 839 3109 quod
866 3043 945 3108 spes
967 3043 1148 3090 succursus
1177 3023 1330 3090 evannit.
1382 3023 1498 3088 Redde

415 3124 521 3206 igitur
541 3132 690 3191 cestrum
717 3123 781 3188 hoc
805 3123 879 3187 sine
902 3142 1006 3188 morae
1025 3123 1203 3208 dispendio
1223 3132 1258 3193 ct
1279 3123 1399 3205 alique
1418 3122 1497 3187 diffi-

415 3223 544 3288 cultate
569 3223 705 3289 domino
731 3222 926 3300 Lodowico,
950 3242 1013 3287 nec
1034 3223 1206 3288 notaberis
1234 3224 1276 3288 de
1299 3222 1499 3288 infidelitate

416 3341 493 3387 cum
511 3342 578 3388 non
593 3324 704 3405 possis
719 3322 802 3387 illud
827 3321 973 3406 amplius
995 3331 1132 3400 tenere;
1156 3323 1252 3388 vides
1275 3322 1368 3405 quod
1391 3330 1498 3386 certa·

415 3422 477 3486 tim
493 3422 537 3486 ed
554 3421 752 3488 fidelitatem
767 3422 842 3506 ejus
864 3421 1062 3487 confluunt?
1111 3421 1262 3487 Thomas
1284 3430 1399 3486 eutem
1424 3441 1497 3486 oum

415 3521 599 3605 lachrymis
621 3521 710 3586 dixit
726 3523 866 3604 insuper
885 3521 992 3586 eidem
1016 3522 1188 3599 Hubcrto,
1202 3526 1212 3557 ‘
1225 3521 1256 3586 Ο
1271 3520 1378 3586 freter
1398 3522 1497 3586 curis·

415 3620 679 3699 sime,miserere
690 3622 786 3687 tuiet
797 3624 864 3686 mei
873 3629 908 3686 ct
919 3621 1067 3686 omnium
1084 3629 1237 3686 nostrum
1255 3620 1497 3703 acquiescendo

416 3719 537 3785 horum
549 3721 723 3800 consiliis;
749 3722 798 3787 sic
815 3722 905 3786 enim
918 3740 1035 3785 omnes
1057 3739 1079 3784 u
1099 3721 1298 3789 confusione
1311 3719 1497 3784 imminenti

417 3820 603 3904 poterimus
627 3821 785 3885 liberari?
837 3820 883 3885 Et
900 3820 1030 3886 addidit
1051 3819 1161 3886 adhuc
1188 3840 1310 3896 comes,
1341 3818 1396 3883 Ὀ
1421 3820 1497 3882 Hu-

416 3922 521 3997 berte,
539 3922 717 4003 acquiesce
732 3920 874 3985 consilio
883 3927 1002 3985 nostro
1014 3927 1049 3985 et
1062 3920 1233 3985 voluntati
1248 3919 1376 3985 domini
1390 3918 1499 3984 Ludo-

416 4020 495 4097 vici,
510 4027 545 4085 et
562 4020 657 4085 dubit
679 4020 740 4084 tibi
758 4020 838 4104 jure
858 4020 1073 4084 haerediterio
1097 4018 1332 4085 Norsolchiem
1351 4027 1387 4083 et
1401 4018 1497 4084 Satn

416 4119 588 4199 folchinm‚
604 4128 639 4189 et
654 4120 721 4187 cris
737 4120 866 4204 primus
882 4121 973 4187 iuter
988 4120 1115 4185 amieos
1131 4118 1205 4203 ejus
1219 4126 1256 4184 et
1269 4119 1494 4195 consiliarium

417 4220 470 4285 sin
495 4229 622 4299 autem,
647 4221 712 4289 iste
736 4220 888 4285 Thomas
912 4219 1019 4287 freter
1043 4226 1124 4284 tuus
1149 4219 1387 4302 suspendetur,
1407 4228 1442 4282 et
1460 4225 1496 4281 tu

417 4338 485 4387 nou
499 4320 628 4385 leviora
644 4321 680 4384 in
697 4320 791 4389 brevi
808 4319 972 4402 patieris:
1016 4319 1082 4384 Cui
1097 4319 1288 4397 Hubertus,
1302 4316 1355 4382 ι0
1376 4336 1497 4393 comcs,

418 4418 571 4501 proditor
586 4438 743 4503 nsquam,
764 4420 830 4484 etsi
849 4428 1004 4485 mortuus
1016 4419 1063 4482 sit
1076 4438 1139 4483 res
1153 4418 1176 4483 J
1179 4417 1331 4484 ohannes
1346 4418 1497 4482 dominus

417 4524 534 4582 noster
555 4538 595 4583 oc
620 4519 726 4585 freter
747 4527 839 4597 tuus,
859 4519 1010 4584 hoeredes
1027 4518 1130 4584 hubct
1146 4525 1305 4601 nepotem
1319 4526 1428 4594 tuum,
1445 4515 1496 4580 cui
