3334 5734
384 726 449 791 144
752 736 949 787 inarmans
973 738 1105 787 vania.

397 867 454 904 ΡΑΟ.
476 865 529 903 titt.

387 931 463 1005 128,
480 930 533 1005 21,
554 926 735 992 Ouetuoriae
781 923 1062 990 dammam

384 1095 436 1107 -
479 1051 735 1135 28,etsrotriruo
782 1048 900 1113 deruot.

388 1176 461 1252 129,
501 1176 733 1261 2,quom..eo·
782 1190 886 1255 quarn
908 1178 1024 1236 tamen
1051 1169 1219 1254 capellam
1252 1168 1343 1234 idem
1372 1168 1473 1234 arohi-

550 1273 717 1338 ttodrabem
804 1272 986 1354 episcopus
1012 1269 1056 1334 ad
1072 1269 1252 1334 -oautelem
1277 1268 1472 1354 appellavit,

551 1375 734 1459 transferret
805 1369 953 1435 Londini
974 1369 1067 1453 apud
1089 1368 1350 1448 Lambetbiam3
1381 1368 1474 1433 timn-

803 1478 904 1535 erunt
920 1470 1009 1534 euim
1025 1468 1195 1546 monachi,
1212 1469 1295 1552 quia
1314 1468 1381 1533 boc
1401 1486 1474 1551 pas-

803 1570 869 1633 sim
884 1570 1072 1646 dicebatur,
1091 1576 1128 1633 et
1148 1569 1253 1633 etiam
1276 1568 1352 1651 ipse
1370 1566 1474 1630 arohi-

803 1669 984 1751 episoopus
998 1667 1063 1733 boo
1076 1667 1358 1733 communicando
1375 1668 1475 1750 [conr-

803 1768 981 1850 minaudo]
999 1775 1204 1844 asseruerat,
1215 1786 1259 1830 ne
1272 1767 1390 1832 sedern
1399 1765 1475 1829 illue

803 1868 1032 1932 cathedralem
1064 1865 1276 1944 transferret,
1306 1873 1355 1944 et,
1388 1864 1474 1949 quod

804 1967 904 2052 pejus
916 1974 1000 2043 erat,
1013 1967 1049 2030 in
1063 1974 1295 2048 contemptum
1310 1972 1347 2030 et
1357 1983 1476 2049 oppro

803 2067 914 2131 brium
930 2067 1036 2131 totius
1059 2065 1188 2131 ordinis
1206 2065 1400 2142 monastici,
1420 2064 1474 2128 de·

800 2166 905 2251 jectis
926 2165 1101 2231 monachis
1121 2164 1203 2230 illuc
1222 2165 1406 2229 canonicos
1429 2163 1474 2227 in-

803 2265 963 2331 stitueret
989 2266 1180 2343 seculares3
1204 2263 1294 2348 quod
1315 2283 1385 2331 non
1404 2262 1474 2327 sine

803 2363 1473 2448 injuriamultipiici,ingratitudinequo·

804 2483 871 2547 que
897 2464 1108 2547 eligentium,
1128 2471 1325 2528 sanctorum
1342 2481 1473 2546 quoqne

803 2561 841 2627 in
860 2563 1003 2628 ecclesia
1024 2562 1222 2629 cantuariae
1242 2562 1473 2645 plurimorum,

804 2663 865 2746 qui
893 2662 1051 2728 monachi
1076 2662 1295 2738 exstiterunt,
1325 2660 1422 2726 tieret
1445 2662 1473 2724 si

804 2762 849 2826 ed
873 2762 974 2827 finem
993 2770 1149 2846 optatum
1169 2763 1383 2846 propositum
1403 2780 1472 2844 per·

804 2861 985 2927 duceretur
995 2881 1005 2944 ;
1024 2862 1072 2927 Oe.
1085 2871 1113 2926 ot
1125 2861 1166 2925 R.

387 3028 438 3039 -
502 2992 533 3066 9,
546 2980 718 3053 intrudebat
782 2984 874 3049 addit
894 2984 1018 3063 Paris,
1042 2993 1163 3049 contra
1188 2984 1368 3048 eonsilium
1395 3003 1473 3067 apo·

804 3084 885 3149 stoli
906 3085 1062 3162 dicentis,
1080 3083 1215 3149 ‘Nemo
1235 3084 1388 3148 militans
1403 3083 1472 3148 Do·

804 3184 897 3250 mino
913 3184 1065 3267 implicet
1087 3203 1126 3248 se
1146 3184 1294 3267 nogotiis
1316 3182 1470 3248 seenlari·

805 3283 894 3347 bus!

389 3446 440 3457 -
483 3409 534 3482 12,
551 3402 662 3469 Burbu
784 3408 913 3486 Barba,
926 3406 1049 3471 nobilis
1064 3407 1149 3471 ciris
1163 3407 1350 3472 Loudoniae
1360 3407 1472 3490 justus

544 3505 672 3589 sonum
806 3514 842 3571 et
877 3514 1051 3584 constans,
1089 3506 1188 3591 cujus
1229 3507 1472 3590 persecutionis

805 3625 945 3670 oausam
966 3613 1102 3671 constat
1116 3624 1192 3670 esse
1201 3605 1344 3690 justam,
1359 3606 1402 3669 ab
1416 3605 1474 3670 illa

807 3753 815 3769 .
835 3752 844 3769 .
861 3753 868 3769 .
884 3725 953 3770 aere
967 3705 1084 3781 effuso,
1097 3705 1188 3788 quod
1203 3705 1360 3769 domiuus
1373 3723 1474 3789 papa,

804 3805 886 3869 licet
899 3805 942 3869 de
961 3804 1191 3870 oblationibus
1209 3823 1397 3888 pauperum
1419 3824 1474 3869 su·

805 3924 868 3988 per
895 3905 1046 3969 tumbam
1077 3904 1170 3969 beati
1203 3904 1347 3969 Tbomae
1382 3903 1474 3969 coili-

805 4011 955 4087 geretur,
973 4024 1041 4068 non
1061 4004 1236 4082 refutavit,
1255 4003 1407 4082 tamam
1427 4004 1474 4068 00.

805 4113 833 4168 ot
847 4104 890 4167 It.

389 4273 439 4285 -
483 4230 537 4307 16,
551 4229 695 4315 deutoro
787 4228 838 4294 Oe.
858 4228 926 4292 and
949 4228 992 4293 R.
1010 4227 1089 4305 add,
1114 4227 1179 4291 ‘de
1201 4227 1344 4311 capellae
1363 4233 1474 4292 autern

552 4327 624 4393 boot
806 4327 935 4412 injuria
949 4327 1102 4392 exauditi
1117 4327 1202 4391 bene
1218 4325 1380 4390 suerunt:

389 4489 440 4501 —
483 4454 535 4529 23,
550 4449 724 4537 rubroqooit
788 4452 838 4516 Oe.
866 4451 932 4516 and
958 4452 1000 4515 R.
1025 4450 1105 4526 add,
1127 4422 1296 4533 “Insuper
1320 4450 1475 4515 dominus
