3334 5734
382 745 447 814 les
749 757 948 809 neurrosus
970 735 1103 809 vimis.

432 938 659 1015 intenderent,
680 936 863 1022 Philippus
879 935 1032 1022 ejusdem
1054 937 1246 1021 episeopus,
1272 938 1353 1023 plus
1373 941 1474 1005 nmis

431 1038 564 1105 martiis
577 1057 682 1122 quem
695 1037 822 1103 divinus
834 1037 973 1121 pagine
988 1044 1168 1121 promptus
1185 1046 1222 1103 et
1233 1047 1392 1122 perotus,
1404 1040 1475 1123 regi

432 1146 549 1205 umen
579 1137 790 1203 Breucorum
815 1136 1102 1202 familiarissimus
1121 1138 1204 1222 quie
1223 1138 1423 1218 bellicosus,
1442 1147 1477 1204 et

432 1237 627 1305 Willelmus
642 1236 688 1302 de
697 1236 834 1302 Merlon
849 1255 927 1301 oum
942 1235 1014 1301 filio
1025 1255 1104 1311 suo,
1116 1256 1195 1302 oum
1209 1238 1377 1304 militibus
1394 1239 1476 1303 mul

433 1338 480 1405 tis
495 1345 532 1403 et
547 1337 646 1421 plebe
661 1344 797 1403 umato
809 1354 1004 1415 numeroee
1021 1336 1183 1403 exierunt
1196 1345 1318 1403 eontm
1334 1358 1396 1404 eos
1414 1340 1476 1403 im·

432 1436 618 1523 perterriti,
647 1435 708 1502 sed
739 1456 823 1503 mox
844 1435 948 1520 cepti·
962 1443 1045 1501 sunt
1064 1436 1218 1502 universi
1237 1445 1275 1503 et
1300 1457 1348 1502 ex
1369 1437 1474 1520 vulgo

434 1554 516 1623 pers
537 1536 689 1602 maxime
706 1535 898 1601 interfecte.
948 1535 996 1601 Et
1016 1536 1137 1601 eodem
1158 1536 1215 1601 die
1236 1545 1476 1620 prooesserunt

435 1636 481 1701 ed
497 1635 609 1701 Milm.
630 1634 811 1701 rostellum
833 1635 918 1700 dieti
931 1636 1084 1719 episcopi
1108 1644 1146 1701 et
1161 1645 1329 1720 oeperunt
1344 1646 1382 1702 et
1396 1638 1477 1702 snb·

436 1743 613 1801 verterunt
637 1734 733 1812 illud,
754 1741 790 1799 et
809 1734 860 1799 sie
879 1734 1030 1818 gloriose
1045 1735 1297 1819 triumphantes
1318 1736 1395 1820 regi
1409 1736 1477 1802 Au-

435 1835 572 1918 glorum
579 1835 737 1918 captivos
750 1852 833 1899 snos
846 1841 1154 1917 praesentaverunt.
1193 1834 1291 1900 Inter
1300 1855 1390 1920 quos
1402 1855 1478 1901 mm

435 1934 659 2020 processisset
686 1941 894 1999 memoretns
921 1933 1164 2012 nemausus,
1195 1934 1255 2017 qui
1280 1935 1479 2019 episcopum

436 2054 514 2101 oum
527 2052 592 2100 suo
606 2033 849 2099 archidineonu
863 2052 942 2098 cum
956 2034 1061 2098 ermis
1075 2041 1226 2117 ceperat,
1239 2042 1275 2099 et
1287 2035 1384 2118 ipsos
1401 2043 1479 2100 aute

437 2153 553 2218 regem
574 2132 720 2199 offerens
746 2132 965 2211 ostendisset,
988 2133 1040 2198 eit
1068 2133 1252 2198 ridiculose
1274 2133 1396 2218 lingue
1416 2154 1479 2200 sue

440 2234 571 2311 native,
595 2231 728 2297 ‘Prius
750 2232 784 2297 ei
810 2231 845 2297 le
870 2231 1078 2298 centhmhur
1106 2252 1126 2297 e
1151 2232 1184 2297 le
1208 2234 1478 2317 respondemur}

439 2332 531 2416 quod
552 2340 606 2397 est
625 2331 728 2409 dictu,
751 2330 861 2414 ‘Cepi
884 2332 983 2397 vobis
1006 2340 1219 2398 cantatorem
1241 2342 1278 2399 et
1297 2353 1478 2417 responso-

439 2432 536 2498 rem.'
585 2431 666 2496 Rex
679 2450 761 2497 vero
782 2430 974 2509 subridens,
987 2431 1071 2514 quin
1084 2450 1178 2515 slepe
1194 2433 1479 2499 dnmuilienbutur

440 2552 501 2616 pm
523 2530 721 2614 episcopum
746 2540 783 2595 et
802 2550 896 2607 suos,
915 2531 1023 2615 jussit
1044 2531 1138 2615 ipses
1159 2540 1312 2597 armatos
1330 2533 1480 2598 ineeroe·

441 2631 530 2710 reri;
554 2630 616 2695 sed
637 2648 715 2696 cum
737 2631 895 2695 canonici
909 2630 1138 2697 Belvueenm
1160 2651 1265 2716 super
1278 2632 1345 2697 hoe
1359 2651 1480 2716 quere·

441 2731 510 2795 lem
531 2728 669 2795 dominu
686 2749 787 2813 pepe
804 2729 1049 2812 reposuissent,
1064 2731 1203 2814 scripsit
1215 2731 1376 2796 dominns
1390 2751 1481 2816 pepe

442 2830 516 2913 regi
544 2829 718 2896 Richardo
743 2828 979 2907 emioubiliter,
1008 2837 1050 2894 ut
1074 2829 1339 2897 miserieorditer
1361 2839 1481 2915 ageret

442 2949 519 2995 oum
537 2930 678 3008 eisdem,
698 2948 856 2994 asserens
875 2927 971 3011 ipsos
989 2929 1223 2996 mcereeretos
1242 2930 1334 2997 tilios
1355 2950 1399 2996 eo
1413 2931 1480 2996 iro·

442 3038 513 3095 tres
525 3048 609 3094 suos
622 3028 728 3094 luisse
742 3035 780 3093 et
795 3027 963 3093 Bonnense
981 3028 1135 3094 eeclesiae
1152 3029 1349 3096 familiares.
1401 3030 1480 3096 Rex

442 3130 548 3212 igitur
562 3130 605 3194 ob
618 3129 776 3213 pepulem
797 3128 1024 3193 reverentiam
1038 3127 1146 3212 jussit
1159 3129 1292 3213 pondus
1310 3149 1481 3196 armorum

442 3230 595 3312 episcopi
617 3236 653 3293 et
674 3225 907 3292 urehidieeoni
922 3235 959 3293 et
978 3227 1190 3307 olorinorum,
1212 3230 1273 3312 qui
1293 3248 1373 3294 eum
1398 3230 1482 3314 ipsis

443 3335 554 3405 eruut,
574 3329 610 3392 in
627 3334 762 3393 tentum
781 3326 936 3393 alleviari
955 3335 995 3391 nt
1008 3325 1124 3392 luricae
1140 3347 1257 3393 eorum
1272 3327 1483 3413 deponeren-

442 3434 511 3503 tur,
536 3434 573 3492 et
594 3427 701 3492 misse
723 3426 830 3491 lorice
852 3425 1084 3491 orebidioeoni
1108 3435 1145 3493 et
1170 3429 1321 3513 episeopi
1345 3428 1482 3495 domino

443 3545 544 3610 pepe
557 3526 706 3609 scripsit,
722 3526 773 3590 sie
787 3525 958 3609 inquiens,
974 3525 1088 3591 ‘Vide
1102 3527 1135 3591 si
1154 3527 1271 3593 tunice
1290 3528 1353 3592 filii
1370 3528 1423 3592 tui
1437 3530 1482 3594 sit

443 3645 488 3690 en
504 3625 596 3691 nou.'
646 3624 696 3690 At
714 3644 806 3709 pepe
827 3625 1008 3690 subridens
1030 3627 1218 3709 respondit,
1242 3647 1319 3693 cum
1341 3627 1484 3694 vidisset

442 3725 583 3791 lerienm
604 3744 766 3808 magnum
787 3731 823 3789 et
842 3725 1008 3807 rubegine
1020 3724 1096 3809 jem
1112 3725 1268 3805 tinetm,
1283 3727 1401 3793 ‘Vere
1416 3747 1485 3793 uon

443 3832 498 3891 est
513 3825 631 3890 tunice
644 3825 701 3890 vel
717 3824 833 3890 lrstris
846 3823 902 3888 vel
916 3823 979 3888 filii
999 3825 1075 3901 mei,
1101 3825 1204 3891 immo
1219 3846 1283 3892 nee
1306 3826 1368 3891 lilii
1390 3828 1485 3910 pecis

445 3925 501 3991 vel
524 3924 689 4002 ecclesie,
713 3924 773 3990 sed
796 3922 913 4006 potius
938 3923 999 3988 lilii
1020 3924 1167 4006 Mertis3
1193 3925 1357 3992 liberetur
1380 3926 1487 4009 igitur

444 4024 525 4090 telis
547 4025 741 4108 episeopus,
757 4031 793 4090 et
812 4023 869 4088 sui
891 4022 951 4106 qui
975 4024 1099 4088 armati
1123 4024 1401 4106 inveniebantur,
1425 4046 1487 4112 per

443 4124 709 4208 redemptionem
723 4124 768 4189 ed
782 4123 874 4205 regis
892 4122 1125 4189 voluntatem!

393 4264 450 4303 m.
489 4264 542 4303 ΠΙ.

392 4324 447 4404 97,
505 4325 740 4403 9,ΕοωήαΜι-
789 4325 832 4390 de
847 4323 1031 4390 Ereshem.

546 4426 602 4527 ‘eir
616 4423 741 4491 merdis·
812 4480 815 4487 .

392 4578 445 4603 ι-
489 4552 540 4625 ll,
556 4549 707 4633 intepretes
790 4548 877 4614 deest.
