3334 5734
385 735 450 803 180
753 749 954 802 cacrrours
976 752 1110 803 vaura.

387 945 457 1016 tus,
466 935 601 1001 nomine
611 933 751 1013 Vitalis,
762 953 838 1000 cum
853 934 998 1001 daturus
1009 944 1101 1002 esset
1111 936 1218 1002 filiam
1231 955 1331 1002 snam
1343 939 1473 1021 nuptui,

388 1044 428 1100 ut
441 1054 594 1101 mensam
619 1043 830 1120 praepararet
852 1035 1044 1113 lautiorem,
1056 1043 1220 1102 venatum
1238 1036 1304 1102 ivit
1320 1038 1357 1103 in
1372 1058 1477 1122 quan-

390 1135 468 1200 dam
478 1135 639 1201 forestam
650 1135 881 1200 vastissimam
890 1143 926 1199 et
939 1135 1109 1202 desertam
1120 1136 1206 1200 mari
1219 1138 1476 1203 conterminam.

389 1234 528 1299 Etcum
540 1254 601 1318 per
616 1234 716 1299 devia
728 1235 832 1299 eremi
847 1234 942 1299 solus
957 1246 1153 1317 vagaretur,
1164 1254 1283 1300 arcum
1299 1244 1476 1301 extentum

388 1333 546 1418 bajulans
571 1353 648 1399 cnm
674 1333 823 1416 sagittis,
847 1334 1035 1417 cupiditate
1055 1332 1173 1399 ferinae
1195 1334 1333 1413 ductus,
1359 1335 1477 1401 incidit

389 1433 478 1497 forte
493 1434 529 1497 in
545 1432 679 1499 foveam
700 1440 735 1498 et
749 1432 916 1516 pedicam,
930 1434 1098 1512 leonibus,
1118 1435 1219 1514 ursis,
1241 1442 1277 1499 et
1292 1435 1386 1519 lupis
1402 1437 1480 1499 sub-

389 1532 496 1597 tiliter
513 1542 760 1617 praeparatam
787 1552 809 1596 a
825 1552 907 1616 qua,
924 1552 1000 1598 cum
1011 1552 1050 1598 os
1062 1533 1219 1598 strictum
1232 1542 1325 1599 esset
1340 1536 1479 1618 erpavi-

390 1640 542 1697 mentum
559 1632 763 1717 profundum
780 1639 815 1696 et
829 1632 992 1715 amplum,
1008 1632 1102 1697 nullo
1117 1633 1219 1699 modo
1234 1635 1350 1716 potuit
1364 1653 1478 1699 ascen

391 1730 471 1795 dere
482 1731 537 1795 vel
550 1731 705 1797 evadere.
738 1730 877 1797 Invenit
889 1739 1004 1796 autem
1017 1733 1052 1795 in
1066 1751 1120 1810 ea,
1131 1753 1209 1816 quae
1219 1733 1340 1797 eodem
1349 1752 1432 1798 casu
1447 1735 1479 1797 in

390 1829 501 1914 ipsam
517 1830 717 1908 inciderant,
734 1830 803 1895 dno
817 1831 969 1896 crudelia
986 1831 1159 1909 animalia,
1173 1832 1307 1898 leonem
1323 1840 1359 1897 et
1376 1853 1478 1897 unum

391 1947 551 2011 magnum
580 1937 794 2014 serpentem3
822 1929 883 1995 sed
905 1930 1018 2014 ipsum
1045 1930 1209 2010 Vitalem,
1235 1932 1294 2014 qui
1320 1952 1360 1997 se
1382 1934 1480 2014 signo

391 2031 501 2095 crucis
524 2030 753 2113 praemunivit,
771 2049 988 2114 nequaquam
1010 2030 1222 2109 invaserunt,
1240 2031 1321 2096 licet
1335 2032 1481 2097 americi

392 2128 492 2193 nimis
508 2137 543 2194 et
561 2129 724 2212 protervi.
775 2127 980 2195 Morabatur
998 2149 1082 2212 ergo
1100 2130 1171 2195 illic
1198 2138 1272 2195 tota
1297 2131 1360 2195 illa
1382 2140 1481 2196 nocte

391 2236 427 2292 et
443 2228 498 2294 die
514 2230 682 2313 sequenti,
695 2228 849 2293 clamans
866 2237 900 2294 et
916 2229 1059 2314 ejulans,
1082 2236 1118 2292 et
1137 2238 1280 2294 mortem
1296 2249 1397 2294 snam
1413 2238 1481 2295 tam

391 2329 590 2409 probrosum
606 2327 824 2393 lamentando
839 2328 1029 2413 deplorans.
1071 2328 1209 2395 Accidit
1224 2336 1338 2395 autem
1355 2340 1397 2396 nt
1411 2331 1481 2414 qui

392 2424 471 2490 dam
485 2427 713 2511 pauperculus
734 2429 995 2494 carbonatorum
1015 2428 1195 2512 sylvicola,
1216 2429 1296 2493 dum
1313 2438 1483 2513 pergeret,

392 2524 593 2609 quisquilias
607 2522 731 2591 ibidem
747 2526 916 2609 lignorum
933 2527 1134 2611 colligendo,
1151 2528 1285 2593 audiret
1299 2528 1482 2595 clamorem

392 2630 428 2688 et
444 2625 618 2708 planctum
643 2626 743 2709 quasi
765 2627 1036 2705 subterraneum,
1058 2633 1093 2691 et
1109 2646 1226 2692 vocem
1246 2647 1394 2711 sequens
1410 2648 1483 2712 per·

393 2725 488 2788 venit
512 2724 556 2789 ad
581 2744 621 2790 os
645 2725 752 2807 putei,
781 2732 817 2789 et
840 2723 1080 2810 introspiciens
1107 2726 1168 2804 ait,
1189 2725 1302 2806 ‘Quis
1323 2747 1362 2791 es
1382 2747 1482 2811 quem

393 2823 533 2889 audiol’
584 2824 630 2889 Et
653 2822 781 2889 Vitalis
806 2826 1069 2908 expergefactus
1096 2832 1131 2890 et
1150 2827 1290 2908 gavisus
1316 2845 1425 2910 snpra
1449 2826 1483 2890 id

394 2923 486 3006 quod
503 2923 570 2988 dici
593 2930 708 3007 potest
723 2923 900 3007 respondit
916 2924 1073 2989 alacriter
1086 2924 1214 3003 dicens,
1231 2925 1331 3008 ‘Ego
1348 2927 1482 3008 quidem

394 3022 510 3099 miser,
528 3021 657 3088 Vitalis
684 3030 924 3103 cognomento,
941 3023 1110 3103 Venetus,
1132 3024 1191 3107 qui
1221 3023 1363 3107 ignarus
1389 3025 1483 3108 pedi·

395 3139 512 3185 carum
538 3128 573 3186 et
598 3120 866 3203 muscipularum
892 3122 1013 3187 harum
1046 3123 1082 3187 ln
1111 3122 1245 3188 foveam
1276 3124 1379 3188 istam
1405 3123 1485 3189 ieris

396 3220 526 3284 nocivis
541 3218 645 3285 incidi
662 3219 891 3298 devorandus,
904 3222 964 3305 qui
979 3221 1069 3286 fame
1083 3229 1119 3287 et
1134 3223 1256 3288 timore
1269 3224 1485 3288 contabesco.

396 3317 485 3382 Sunt
512 3318 601 3382 enim
626 3319 681 3384 hic
702 3320 782 3399 duo,
806 3339 885 3404 quae
909 3322 1049 3385 nimium
1073 3322 1287 3405 pertimesco,
1313 3322 1485 3399 animalia,

396 3416 450 3479 leo
470 3416 601 3481 scilicet
617 3418 755 3500 quidam
772 3426 808 3484 et
824 3420 971 3502 anguis3
993 3419 1052 3484 sed
1068 3421 1192 3499 adhuc,
1212 3421 1361 3487 Domino
1376 3430 1487 3505 prote·

397 3523 511 3597 gente,
532 3514 631 3599 cujus
655 3518 755 3600 signo
778 3538 832 3582 me
856 3519 1073 3595 communivi,
1097 3540 1151 3585 me
1173 3541 1242 3587 non
1264 3521 1486 3599 invaserunt;

397 3614 459 3678 tibi
483 3624 677 3681 reservatus
700 3636 788 3691 sum,
811 3625 851 3682 ut
881 3617 943 3683 tibi
968 3619 1188 3684 benefaciam.
1239 3620 1332 3685 Erue
1358 3641 1426 3700 me,
1454 3630 1487 3684 et

398 3713 483 3778 bene
499 3713 563 3778 tibi
578 3715 664 3796 erit3
686 3735 765 3781 ecce
782 3716 844 3781 tibi
856 3716 1032 3781 dimidium
1055 3720 1221 3784 bonorum
1237 3738 1390 3784 meorum
1406 3740 1487 3785 eou-

397 3812 493 3892 cedo,
511 3812 668 3879 videlicet
686 3815 876 3898 quingenta
891 3816 1044 3897 talenta3
1066 3827 1148 3883 sunt
1164 3820 1254 3884 enim
1274 3819 1359 3884 milri
1373 3820 1488 3885 mille!

399 3910 450 3976 At
478 3932 631 3997 pauper3
660 3913 722 3978 ‘Si
755 3914 856 3980 dictis
885 3915 978 3980 facta
1004 3936 1214 4000 compenses,
1244 3918 1370 3983 faciam
1398 3918 1488 4002 quod

400 4011 572 4077 desideras
598 4020 634 4077 et
662 4012 832 4078 hortaris!
884 4012 933 4079 At
949 4013 1077 4080 Vitalis
1107 4017 1200 4082 dieta
1225 4036 1290 4081 sna
1313 4019 1432 4083 multis
1455 4024 1489 4083 et

400 4113 534 4193 magnis
559 4111 774 4196 juramentis,
800 4112 951 4178 Domino
974 4112 1178 4199 interposito
1203 4136 1266 4200 pro
1291 4116 1489 4201 fidejussore

400 4216 435 4274 et
452 4209 518 4275 tide
534 4211 658 4290 media,
673 4211 900 4278 confirmavit.
951 4212 1007 4292 Et,
1032 4234 1109 4279 cum
1128 4215 1414 4300 colloquerentur,
1437 4217 1490 4281 leo

400 4317 496 4373 motu
513 4309 630 4375 caudae
646 4312 806 4395 saltuque
823 4311 989 4396 jucundo,
1006 4320 1040 4378 et
1056 4315 1212 4380 similiter
1226 4316 1348 4398 anguis
1364 4316 1489 4382 blando
1557 4386 1560 4390 ⁴

401 4408 502 4472 sibilo
528 4417 564 4474 et
585 4411 691 4474 totius
715 4412 868 4493 corporis
891 4412 1116 4492 volubilitate,
1138 4414 1246 4479 eidem
1270 4417 1412 4498 pauperi
1430 4434 1491 4499 ap-

403 4504 614 4611 plauserunt,
636 4509 735 4592 quasi
756 4510 992 4576 liberationem
1013 4532 1112 4578 suam
1138 4533 1215 4578 cum
1231 4513 1350 4579 Vitale
1371 4523 1490 4598 postu-
