3334 5734
563 786 762 838 usorronns
785 786 917 836 vanis.
1227 768 1293 835 239

244 969 424 1035 millesimo
445 968 676 1036 ducentesimo
701 968 866 1037 vicesimo
888 969 1047 1055 septimo,
1070 966 1205 1054 plenius
1229 987 1292 1032 an·

246 1076 422 1136 notantur.

197 1193 271 1335 fise,
286 1194 341 1333 ’ἕέζ
351 1256 517 1420 μζὲηωεωε-
592 1255 912 1340 pomeranensem.

360 1376 399 1420 091

593 1476 687 1543 exul.

592 1600 684 1667 addit
712 1599 841 1676 Paris„
870 1620 940 1665 uon
974 1599 1048 1664 sine
1076 1600 1289 1686 interpositis

614 1701 823 1764 muneribus.

481 1831 489 1846 ·
595 1825 689 1889 Dum
705 1823 807 1889 enim.

594 2038 735 2116 faceret,
747 2056 825 2102 eum
838 2045 954 2102 tamen
969 2038 1057 2103 bene
1072 2048 1199 2123 posset

336 2217 345 2247 ,
596 2163 739 2241 Iterum,
755 2181 832 2226 eum
849 2161 892 2226 de
906 2168 1032 2244 stagno
1046 2182 1122 2242 suo,
1137 2161 1229 2246 quod
1246 2163 1290 2228 ad

364 2278 533 2335 ...mom
616 2280 779 2344 magnum
809 2261 1050 2326 detrimentum
1073 2270 1108 2327 et
1131 2262 1293 2327 damnum

359 2369 472 2432 mium
488 2377 546 2433 tor-
616 2361 737 2426 domus
763 2360 943 2425 levaverat
973 2361 1065 2444 apud
1095 2360 1292 2439 Luitonam‚

363 2467 497 2533 mimae
615 2467 882 2544 conquereretur
899 2460 1016 2538 abbas,
1035 2461 1185 2545 eoquod
1202 2481 1294 2546 aqua

615 2559 830 2644 superfluens
846 2565 981 2642 segetes
1003 2561 1040 2624 iu
1059 2560 1219 2644 proximo
1242 2562 1292 2626 in·

615 2666 732 2725 stante
757 2667 923 2724 autumno
949 2666 1041 2725 esset
1064 2660 1290 2740 absorbenda,

616 2758 795 2843 respondit
814 2757 1049 2840 iniquissimus
1072 2759 1179 2824 Falco
1204 2779 1292 2843 pree·

617 2859 825 2935 nominatus,
842 2855 935 2939 quod
948 2857 1111 2940 poenituit
1123 2877 1200 2923 eum
1220 2879 1289 2925 non

617 2964 840 3041 exspectasse
854 2956 962 3021 donec
979 2957 1090 3021 omnis
1105 2975 1242 3023 annona
1256 2959 1293 3022 in

617 3057 740 3123 horreo
768 3055 1006 3134 collocaretur,
1031 3063 1072 3120 nt
1097 3056 1292 3122 redundans

618 3156 712 3222 unda
736 3155 852 3221 omnia
873 3156 1150 3237 consumpsisset.
1190 3155 1293 3241 Lapi-

619 3256 697 3321 dem
717 3262 833 3320 autem
859 3273 963 3337 super
985 3262 1090 3338 caput
1117 3274 1217 3320 snum
1237 3256 1293 3321 de·

619 3355 781 3422 scendere
797 3354 917 3433 sensit,
937 3358 1018 3418 cum'
1033 3354 1071 3418 in
1090 3355 1187 3420 brevi
1207 3363 1293 3421 tem·

618 3475 702 3540 pore
727 3454 889 3538 deinceps
919 3454 1011 3537 apud
1040 3453 1292 3533 Bedetordiam,

621 3561 700 3640 post
715 3553 974 3637 suspensionem
995 3553 1141 3618 fratrum
1159 3562 1194 3619 et
1210 3557 1294 3620 ami·

620 3674 737 3722 corum
753 3672 906 3730 suornm,
922 3653 996 3737 ipse
1010 3651 1146 3718 demum
1163 3675 1296 3740 pauper

620 3755 761 3820 exilium
779 3753 895 3827 subiit,
911 3760 947 3817 et
957 3772 1048 3818 nnnc
1061 3753 1167 3818 vitam
1184 3763 1294 3820 morte

621 3856 745 3918 misera
755 3851 961 3917 terminavit.
984 3852 1139 3918 Utinam
1154 3872 1222 3918 non
1233 3853 1294 3918 ad·

621 3954 688 4018 huc
711 3958 868 4018 conterat
888 3970 966 4015 eum
986 3951 1076 4034 lapis
1095 3952 1161 4016 iste
1187 3952 1223 4015 in
1242 3953 1295 4016 in·

621 4052 719 4118 seruo
730 4052 914 4136 plurimum
925 4049 1167 4116 formidabilis!
1200 4048 1295 4116 Obiit

621 4159 737 4217 autem
754 4170 888 4217 veneno
911 4149 1070 4228 infectus,
1092 4157 1128 4214 et
1145 4147 1295 4232 quodam

621 4253 716 4337 pisce
733 4250 968 4335 ingurgitatus
987 4247 1218 4317 efficacissime
1238 4269 1297 4316 ve·

623 4360 758 4417 nenato.
805 4349 908 4415 Unde
924 4356 1004 4433 post
1019 4368 1152 4413 coenam
1166 4350 1295 4415 cubans

622 4452 785 4517 inventus
822 4456 876 4515 est
910 4456 1077 4524 mortuus,
1115 4448 1224 4532 niger,
1262 4458 1297 4515 et

623 4550 761 4629 foetens,
784 4551 984 4626 incestatur,
1014 4554 1050 4613 et
1075 4548 1150 4614 sine
1170 4550 1297 4616 viatico
