3334 5734
563 813 761 864 nuorrorrus
784 815 916 866 usuum.
1218 798 1287 868 225

191 932 248 970 m.
281 934 332 972 uu.

193 995 248 1072 64,
291 998 323 1074 9,
339 1001 483 1066 roncavit
585 998 679 1065 addit
695 1000 819 1081 Paris,
836 1002 965 1069 Eodem
989 1023 1079 1069 auno
1103 1022 1283 1070 consecra-

609 1106 667 1164 tus
680 1110 734 1166 est
747 1102 782 1166 in
803 1102 986 1186 lilyensem
1005 1104 1201 1188 episcopum
1218 1101 1241 1167 J
1244 1123 1281 1168 o-

609 1197 751 1277 hannes,
777 1203 884 1267 abbas
912 1203 955 1267 de
984 1203 1164 1281 Fontibus,
1188 1203 1280 1288 apud

608 1298 955 1367 westmonasterium
982 1304 1017 1368 in
1044 1304 1194 1369 crastino
1218 1301 1281 1368 SS.

611 1398 793 1483 Perpetuo
807 1410 843 1467 et
856 1403 1057 1468 Felicitatis.

192 1562 244 1574 -
286 1522 339 1598 12,
356 1541 440 1587 aoso
586 1521 680 1589 addit
695 1524 822 1605 Paris„
839 1534 875 1593 et
892 1527 958 1593 (lie.

195 1642 247 1720 66,
286 1645 340 1722 15,
355 1644 451 1710 ineis
587 1646 680 1712 addit
697 1647 823 1728 Paris,
838 1650 990 1717 Sabbato
1009 1658 1124 1716 autem
1144 1651 1180 1715 in
1193 1650 1281 1733 vigi·

609 1745 657 1812 lia
677 1747 905 1815 Pentecostes
932 1752 1120 1835 incoeptum
1145 1757 1199 1816 est
1221 1769 1282 1814 no·

611 1866 692 1912 vum
714 1867 801 1931 opus
825 1851 967 1934 capollae
993 1852 1103 1916 beatae
1126 1849 1283 1932 Virginis
1370 1843 1376 1859 ⁹

612 1947 704 2029 apud
713 1948 1069 2027 westmonasterium,
1090 1968 1171 2033 rege
1187 1949 1283 2014 Hen-

611 2046 682 2111 rioo
701 2047 871 2114 existente
886 2049 1067 2115 fundatore
1086 2058 1122 2116 et
1138 2048 1284 2133 primum

611 2143 758 2229 lapidem
781 2149 893 2232 operis
918 2151 954 2214 in
978 2148 1200 2215 fundamento
1224 2167 1284 2232 po·

613 2252 722 2311 nante

195 2372 248 2449 66,
307 2373 342 2451 9,
358 2372 512 2439 &conare
588 2368 680 2434 addit
716 2371 843 2452 Paris„
882 2373 963 2439 Hoc
997 2394 1087 2440 anno
1126 2373 1284 2441 obierunt

612 2468 786 2536 Henricus
815 2473 859 2538 de
889 2474 1001 2539 Boum
1029 2493 1142 2540 eomes
1176 2473 1285 2538 Hert·

610 2569 741 2649 lordiae,
780 2571 907 2639 Saerus
936 2573 978 2638 (le
1011 2572 1136 2652 Quinoi
1169 2592 1286 2638 eomes

610 2670 868 2737 wintoniensis.

194 2784 248 2865 67,
289 2791 340 2869 10,
356 2791 501 2860 adhibeas
589 2795 777 2879 applicans.

191 2952 244 2968 -
288 2912 339 2995 27,
356 2925 437 2982 aaa
588 2926 732 3000 ootavo;
753 2920 788 2985 0.

190 3078 243 3090 —
287 3041 341 3117 32,
360 3041 487 3109 Walom
590 3040 807 3125 Pandulpho.

193 3163 246 3241 68,
283 3166 541 3242 munimime!
587 3164 679 3253 addit
705 3164 826 3242 Paris,
854 3173 891 3231 et
913 3165 1084 3249 usquead
1105 3166 1283 3250 sanguinis

609 3264 807 3330 effusionem
824 3264 1070 3348 flagellassent.

192 3383 247 3464 71,
305 3390 336 3467 2,
353 3391 515 3457 remeatio-
588 3391 822 3458 refutationes.

352 3509 404 3554 aes

189 3654 242 3668 -
285 3614 337 3693 26,
352 3615 498 3682 Locustae
588 3615 795 3683 Ludovious.

192 3734 247 3814 72,
284 3740 337 3817 21,
355 3741 497 3806 eoum
586 3740 861 3807 concedentibus.

190 3903 243 3918 -
285 3865 338 3948 25,
348 3865 538 3932 Permtor·
588 3866 685 3931 Inter
707 3866 769 3932 has
797 3865 915 3930 mundi
941 3865 1189 3944 volubilitates,
1218 3865 1281 3931 hos

356 3975 524 4031 resumo
609 3966 652 4030 (le
683 3965 791 4031 Terra
817 3965 946 4030 Sancta
970 3983 1053 4030 aure
1077 3964 1197 4047 patula
1224 3985 1282 4029 ru-

608 4086 721 4131 mores
752 4085 774 4131 a
806 4065 873 4131 fide
906 4063 1020 4147 (lignis
1051 4064 1282 4130 occidentales

609 4165 810 4232 didicerunt.

88 4348 91 4351 .
190 4285 244 4368 73,
282 4290 335 4366 28,
350 4274 379 4353 et
395 4337 404 4355 .
419 4311 536 4354 ..ooa-
585 4312 648 4375 per
661 4291 799 4377 aliquod
815 4300 950 4375 tempus
966 4309 1139 4373 magnum.

352 4389 515 4454 676716θηῦ217

186 4553 241 4567 --
282 4515 335 4591 34,
352 4534 497 4600 mquam
585 4513 740 4581 retinere.

351 4621 449 4689 imm
