3334 5734
365 720 410 786 80
739 734 940 785 1111111111
960 734 1093 786 vanis.

367 921 506 988 luminis
535 940 557 985 a
579 940 648 1005 quo
671 920 832 999 sumitur,
856 921 907 985 sic
933 919 1077 1004 aequalis
1105 937 1127 982 a
1147 917 1255 982 Patre
1281 916 1407 993 Filius,
1437 924 1477 982 et

368 1023 505 1106 utrique
522 1021 707 1105 coequalis
726 1019 881 1106 procedit
900 1020 943 1084 ah
963 1026 1111 1102 utroque
1134 1017 1284 1103 Spiritus
1303 1016 1476 1081 Sanctus.

369 1121 513 1187 Modum
536 1128 652 1186 tamen
675 1121 844 1204 geniturae
868 1126 930 1184 ant
952 1118 1181 1201 processionis
1198 1117 1300 1182 istius
1316 1116 1477 1182 humana

368 1222 458 1287 ratio
471 1240 542 1285 uon
556 1221 708 1302 attingit.
754 1219 856 1286 Unde
866 1236 945 1284 cum
961 1218 1075 1285 Esaiae
1088 1216 1131 1283 de
1148 1217 1230 1283 Filii
1243 1218 1478 1299 generatione

368 1327 553 1398 constaret,
568 1319 706 1385 modum
722 1319 952 1402 generationis
965 1317 1227 1383 inenarrabilem
1248 1335 1325 1381 esse
1342 1317 1476 1395 sciens,

370 1520 538 1604 prophete
558 1519 595 1584 in
612 1538 759 1604 pemeus
783 1519 865 1585 Filii
883 1517 927 1582 de
947 1517 1014 1582 hac
1039 1517 1261 1601 generatione
1280 1516 1333 1580 sic
1356 1515 1472 1600 loqui·

370 1627 439 1697 tur,
456 1620 649 1686 ‘Dominus
664 1618 754 1684 dixit
769 1619 814 1683 ad
827 1638 893 1695 me,
913 1617 1022 1684 Filius
1038 1635 1135 1681 meus
1157 1635 1194 1680 es
1211 1623 1261 1693 tu,
1275 1635 1343 1697 ego
1366 1616 1473 1681 hodie

370 1720 474 1802 genui
501 1720 559 1786 ta’
624 1719 734 1784 Filius
773 1719 877 1784 etiam
915 1716 1031 1782 David
1065 1716 1239 1792 Salomon,
1275 1715 1336 1798 qui
1374 1717 1471 1781 dicta

370 1818 517 1885 scientia
543 1825 578 1884 et
606 1817 783 1883 intellectu
807 1817 1008 1882 mirabiliter
1035 1815 1235 1893 illustravit,
1259 1815 1296 1878 in
1318 1834 1472 1898 persona

371 1918 511 1995 Christi,
531 1917 592 2001 qui
613 1924 678 1995 est,
702 1919 792 1983 sicut
807 1917 940 1983 Paulus
965 1916 1060 1994 dicit,
1083 1915 1178 1980 ‘Dei
1202 1916 1313 1980 virtus
1342 1924 1380 1980 et
1400 1916 1468 1980 Dei

369 2018 562 2103 sapientia,'
577 2018 613 2082 in
627 2017 714 2082 libro
731 2016 928 2101 Sapientiae,
939 2015 970 2080 si
984 2024 1022 2081 tu
1038 2035 1117 2081 eum
1133 2015 1289 2098 recipias,
1301 2015 1353 2078 ita
1365 2015 1469 2093 dixit,

370 2117 562 2184 ‘Dominus
586 2116 740 2202 possedit
761 2136 816 2181 me
841 2118 878 2182 in
901 2116 1000 2183 initio
1024 2115 1158 2180 viarum
1182 2133 1343 2193 suarum;
1373 2123 1469 2180 ante-

372 2237 477 2301 quam
500 2217 629 2284 faceret
650 2216 694 2280 ah
716 2223 858 2294 aterno,
881 2216 1040 2281 ordinata
1053 2234 1152 2294 sum3
1174 2221 1361 2297 antequam
1376 2223 1470 2280 terra

371 2317 481 2392 fieret,
493 2336 557 2381 uec
579 2315 659 2381 dum
675 2323 773 2383 erant
788 2316 916 2400 abyssi,
938 2323 974 2380 et
990 2334 1056 2397 ego
1068 2315 1144 2400 jam
1163 2321 1330 2397 concepta
1346 2334 1465 2393 eram;

372 2415 511 2500 qnando
534 2417 753 2501 praeparabat
780 2417 884 2483 caelos
910 2413 1060 2492 aderam,
1085 2412 1223 2498 'quando
1249 2415 1470 2497 appendebat

372 2516 605 2593 fundamenta,
619 2535 697 2580 cum
713 2535 754 2580 eo
768 2535 873 2594 eram,
887 2522 1011 2580 cuncte
1026 2514 1233 2598 disponens!
1272 2512 1467 2598 Apostolus

374 2616 479 2681 etiam
493 2615 624 2680 Paulus
645 2615 788 2699 Spiritui
804 2614 945 2693 Sancto,
961 2615 1065 2679 immo
1085 2615 1150 2679 toti
1170 2613 1345 2693 Trinitati,
1368 2616 1468 2680 testi·

372 2716 522 2780 monium
537 2715 692 2798 perhibet
701 2714 830 2793 dicens,
841 2721 852 2751 ‘
864 2714 964 2779 Misit
977 2714 1136 2797 spiritum
1150 2713 1230 2778 Filii
1243 2714 1298 2777 sui
1313 2714 1349 2778 iu
1359 2715 1466 2780 corda

373 2816 515 2893 nostra'
537 2822 573 2880 et
588 2823 732 2896 cestara3
755 2822 790 2880 et
803 2813 972 2893 alibi,‘Si
993 2814 1134 2897 spiritus
1156 2813 1243 2899 ejus,
1265 2814 1325 2897 qui
1342 2813 1367 2879 J
1370 2835 1466 2879 esum

374 2916 566 2993 suscitavit,
586 2915 720 2981 habitat
741 2915 778 2978 in
798 2915 909 2993 vobis,
930 2913 1121 2979 vivificabit
1147 2921 1183 2978 et
1204 2913 1365 2979 mortalia
1391 2933 1468 2979 cor·

374 3034 461 3098 pora
485 3023 602 3083 vestra
627 3035 689 3100 per
716 3014 964 3081 inhabitantem
986 3014 1143 3098 spiritum
1173 3012 1249 3097 ejus
1277 3014 1314 3077 in
1342 3014 1466 3080 vobis!

374 3114 412 3180 si
436 3114 565 3181 Christi
589 3113 821 3181 testimonium
844 3113 887 3179 de
912 3114 1045 3180 unitate
1068 3112 1225 3177 essentiae
1250 3120 1286 3177 et
1306 3133 1468 3198 persona·

374 3234 451 3278 rum
465 3215 619 3281 trinitate
633 3214 816 3290 desideras,
838 3214 913 3297 ipse
934 3214 971 3278 in
992 3213 1171 3296 evangelio
1194 3211 1288 3290 dicit,
1304 3217 1315 3248 ⁴
1331 3213 1408 3298 Ego
1431 3222 1466 3279 et

376 3311 483 3378 Pater
498 3333 604 3378 unum
620 3314 762 3380 sumus'
806 3313 965 3379 Christus
979 3312 1155 3398 discipulis
1170 3313 1241 3376 suis
1257 3311 1359 3390 dixit,
1378 3314 1465 3391 ‘Ite,

375 3412 549 3494 baptizate
578 3433 695 3478 omnes
720 3420 840 3497 gentes
870 3414 908 3478 in
930 3413 1065 3478 nomine
1090 3412 1219 3489 Patris,
1248 3418 1283 3476 et
1308 3413 1401 3493 Filii,
1432 3422 1467 3479 et

376 3510 524 3594 Spiritus
549 3512 691 3578 Sancti!
742 3513 830 3579 Cum
854 3513 961 3596 igitur
983 3513 1085 3577 homo
1104 3511 1307 3596 perdidisset
1327 3522 1468 3599 propter

374 3609 638 3677 inobedientiam
667 3612 888 3698 paradysum,
921 3621 956 3680 et
981 3612 1166 3677 infernales
1204 3612 1360 3678 miserias
1392 3633 1465 3697 per-

375 3717 479 3793 petuo
501 3713 692 3790 meruisset,
711 3712 835 3778 missus
858 3720 911 3778 est
933 3732 955 3777 1
979 3712 1085 3777 Patre
1108 3711 1229 3789 Filius,
1255 3711 1465 3797 dignumque

375 3809 442 3875 fuit
468 3820 508 3877 ut
530 3813 723 3877 mitteretur
752 3812 862 3878 Filius
887 3819 923 3877 et
945 3832 1013 3877 non
1043 3812 1159 3877 Pater.
1211 3811 1300 3877 Cum
1327 3812 1417 3878 enim
1444 3832 1467 3877 a

376 3910 471 3976 nullo
486 3920 578 3977 esset
592 3912 708 3990 Pater,
727 3913 837 3979 Filius
858 3913 902 3977 ab
918 3912 1047 3996 aliquo,
1062 3912 1321 3978 convenientius
1336 3921 1412 3978 erat
1428 3920 1468 3978 ut

376 4009 518 4078 haberet
547 4013 583 4076 in
614 4020 766 4097 tempore
795 4020 950 4091 matrem,
978 4012 1038 4095 qui
1067 4014 1112 4077 ab
1143 4019 1271 4077 aeterno
1300 4011 1467 4078 habuerat

376 4108 528 4177 Patrem.
580 4111 667 4177 Cum
693 4121 807 4179 autem
827 4114 993 4197 scriptum
1013 4119 1105 4177 esset
1121 4112 1158 4176 in
1181 4111 1316 4196 psalmo
1339 4112 1467 4189 David,

375 4208 482 4275 ‘Nou
499 4212 626 4295 estqui
645 4220 680 4278 te
696 4212 852 4292 redimat,
876 4218 1014 4278 nonest
1032 4213 1092 4296 qui
1109 4211 1243 4276 salvum
1263 4210 1380 4290 saciat,
1398 4232 1466 4277 non

375 4313 511 4394 estqui
534 4311 792 4390 saciatbonum,
820 4332 889 4377 non
912 4319 1088 4395 estusque
1106 4311 1149 4376 ad
1165 4312 1296 4389 uuum,'
1320 4332 1389 4377 non
1415 4320 1468 4377 est
1525 4347 1528 4352 ·

376 4409 436 4491 qui
458 4410 518 4475 det
540 4411 768 4495 placationem
791 4431 854 4494 pro
880 4414 995 4478 anima
1010 4430 1084 4491 sua,
1107 4430 1150 4475 ue
1172 4411 1253 4475 dum
1268 4432 1332 4495 pro
1353 4413 1467 4476 anima

376 4507 498 4587 aliena,
529 4512 654 4577 missus
682 4520 736 4578 est
764 4531 786 4577 a
816 4511 893 4579 Deo
924 4513 1031 4579 Patre
1061 4511 1179 4587 Filius,
1206 4517 1247 4575 ut
1272 4512 1375 4577 homo
1405 4530 1467 4596 pro
