3334 5734
376 730 420 797 82
744 746 942 797 anemonas
968 746 1100 796 varra.

378 931 466 995 sima
489 931 598 997 traxit
627 929 804 1011 originem,
827 928 980 997 fronduit
1007 936 1042 994 et
1065 929 1193 1006 floruit,
1218 928 1407 1011 floremque
1430 928 1473 992 de

381 1032 479 1113 virga
500 1029 603 1095 Jesse
627 1028 746 1106 edidit,
768 1048 873 1112 quam
899 1029 1148 1094 vaticinaverat
1171 1028 1307 1105 Fsaias,
1336 1035 1474 1111 partum

380 1130 510 1196 scilicet
525 1129 731 1212 incorruptae
749 1129 893 1211 virginis
916 1129 1091 1195 indicavit
1143 1127 1230 1195 Cum
1254 1128 1384 1193 inimici
1408 1128 1474 1193 Dei

381 1248 545 1307 essemus,
569 1249 630 1313 per
654 1228 839 1297 adveutum
862 1227 991 1294 christi
1012 1229 1224 1294 reconciliati
1240 1247 1372 1306 sumus,
1385 1228 1476 1293 sicut

382 1329 549 1412 propheta
567 1328 788 1413 praedixerat,
811 1327 882 1393 ‘Et
903 1328 997 1411 pax,'
1019 1328 1142 1411 inquit,
1160 1328 1312 1393 ‘orietur
1325 1328 1363 1391 in
1383 1336 1477 1392 terra

382 1426 463 1493 dum
474 1429 628 1494 venerit:
666 1427 818 1510 Ideoque
828 1427 945 1510 angeli
959 1428 995 1491 in
1006 1427 1113 1510 ipsius
1127 1428 1312 1494 nativitate
1327 1426 1478 1508 gloriose

383 1528 478 1610 pacis
508 1526 678 1593 canticum
703 1528 911 1607 cecinerunt,
930 1525 1077 1592 ‘Gloria
1099 1527 1137 1591 in
1159 1527 1307 1591 excelsis
1331 1525 1424 1603 Deo,
1444 1536 1480 1591 et

384 1627 418 1690 iu
442 1636 534 1693 terra
557 1647 627 1710 pax
648 1626 841 1691 homiuibus
865 1629 966 1691 bonae
987 1626 1200 1693 voluntatis?
1245 1625 1351 1691 Nora
1374 1627 1479 1690 etiam

384 1727 486 1792 stella
512 1728 624 1809 magis
652 1726 835 1809 apparuit3
866 1733 983 1810 atque,
1015 1724 1234 1790 historiarum
1268 1726 1480 1801 testimonio,

386 1826 508 1899 Romae
528 1826 605 1891 fons
633 1826 701 1890 olei
722 1826 765 1889 de
785 1832 879 1890 terra
895 1825 998 1892 fluxit
1013 1826 1051 1889 iu
1071 1824 1244 1908 Tyberim.
1295 1824 1481 1907 Templum

385 1927 501 2003 etiam,
518 1926 608 2008 quod
625 1925 718 1990 idola
732 1943 801 1990 nou
816 1926 987 1991 ruiturum
1008 1923 1241 2009 praedixerant
1257 1923 1368 1989 donec
1382 1925 1480 2007 virgo

385 2033 533 2108 pareret,
547 2025 666 2093 eadem
689 2032 789 2089 nocte
811 2024 965 2092 funditus
981 2025 1112 2091 corruit
1126 2024 1341 2108 dissipatum.
1395 2023 1481 2089 Pro·

387 2126 502 2193 batica
524 2143 662 2207 quoque
690 2124 833 2207 piscina,
861 2143 940 2208 quae
966 2123 1219 2208 Hierosolymis
1243 2131 1332 2202 erat,
1351 2124 1398 2188 ad
1419 2124 1480 2189 ad·

386 2232 529 2289 ventum
551 2223 666 2306 angeli
686 2224 817 2288 moveri
838 2231 873 2288 et
894 2224 1027 2289 sanitas
1052 2222 1200 2290 conferri
1219 2224 1337 2306 coepit.
1370 2222 1482 2287 Vehe

387 2323 596 2388 mantissime
621 2323 718 2387 nobis
741 2323 858 2390 nocuit
883 2329 983 2390 vetus
1010 2321 1135 2400 Adam,
1165 2322 1226 2387 sed
1252 2324 1331 2407 plus
1352 2324 1481 2406 profuit

388 2422 487 2487 nobis
512 2442 634 2488 novus.
683 2421 844 2506 Amplius
870 2422 967 2487 nobis
992 2423 1139 2487 contulit
1163 2421 1266 2506 hujus
1291 2422 1481 2499 humilitas,

388 2541 492 2605 quam
521 2521 683 2605 superbia
712 2522 805 2587 illius
836 2522 1039 2602 abstulerit3
1071 2541 1162 2600 nam,
1185 2521 1297 2587 Paulo
1321 2521 1481 2605 apostolo

389 2628 489 2698 teste,
507 2620 613 2687 ‘Nou
632 2621 722 2686 sicut
742 2620 917 2698 delictum,
939 2622 991 2687 ita
1011 2629 1047 2687 et
1064 2621 1224 2698 donum3’
1251 2621 1368 2686 damni
1393 2623 1481 2686 enim

388 2721 648 2786 aestimationem
676 2721 831 2787 beneficti
859 2720 1061 2804 magnitudo
1086 2720 1310 2787 transcendit.
1370 2721 1481 2801 Quem

389 2820 483 2903 prius
522 2820 701 2885 habuimus
731 2820 917 2888 terribilem
948 2821 1061 2886 Deum
1095 2829 1132 2885 et
1162 2820 1361 2896 Dominum,
1394 2840 1483 2885 nunc

389 2920 552 2986 habemus
574 2919 735 2985 humilem
756 2920 896 2985 fratrem
918 2927 953 2985 et
976 2920 1182 3004 proximum.
1233 2920 1393 2986 Christus
1419 2920 1484 2984 ita·

390 3038 460 3103 qua
480 3039 614 3087 cursum
647 3019 867 3085 mortalitatis
896 3027 1023 3085 nostrae
1048 3020 1242 3103 transigens
1266 3021 1304 3085 in
1329 3020 1422 3084 fame
1448 3026 1483 3084 et

390 3120 460 3196 siti,
474 3120 510 3184 iu
527 3119 729 3185 lassitudine
745 3126 781 3187 ct
793 3118 922 3196 dolore,
937 3120 1018 3183 etin
1032 3119 1203 3185 universis
1218 3119 1321 3204 hujus
1338 3120 1484 3183 miseriis

390 3219 486 3297 uitae,
514 3219 662 3284 traditus
684 3238 706 3283 a
731 3218 911 3301 discipulo,
937 3225 972 3283 et
996 3226 1162 3303 tanquam
1186 3219 1253 3285 vile
1276 3219 1484 3302 mancipium

391 3316 564 3395 venditus,
577 3317 783 3400 flagellatus,
799 3326 999 3401 consputus,
1016 3319 1124 3401 spinis
1137 3326 1333 3394 coronatus,
1350 3319 1484 3395 illusus,

392 3414 500 3481 clavis
518 3415 642 3480 affixus
665 3417 788 3500 stipiti,
811 3424 847 3482 et
867 3427 978 3483 morte
1001 3418 1199 3504 turpissima
1224 3418 1484 3494 condemnatus,

392 3533 470 3598 quaa
486 3534 555 3579 non
576 3515 701 3598 rapuit,
715 3516 829 3582 solvit.
881 3516 1011 3601 Sponte
1032 3525 1147 3584 autem
1170 3519 1272 3583 morti
1293 3538 1331 3583 se
1345 3518 1483 3593 obtulit,

393 3615 476 3698 quia
500 3614 537 3678 in
561 3613 753 3682 humilitate
774 3615 949 3694 sustinuit,
976 3616 1065 3684 sicut
1088 3617 1211 3683 Esaias
1232 3625 1486 3694 commemorat,

394 3713 466 3781 ‘Iu
494 3713 710 3792 humilitate,'
738 3716 863 3799 inquit,
892 3716 1084 3801 ‘judicium
1113 3717 1189 3802 ejus
1216 3717 1393 3783 sublatum
1422 3724 1483 3780 est.

394 3813 492 3879 Sicut
521 3832 632 3898 agnus
663 3814 706 3879 ad
741 3815 946 3882 occisionem
980 3815 1104 3883 ductus
1132 3824 1197 3895 est,
1228 3825 1264 3883 et
1291 3818 1383 3881 sicut
1411 3815 1484 3880 oris

394 3933 509 3979 coram
524 3913 686 3983 tondente
701 3933 751 3992 se,
764 3915 815 3980 sic
837 3933 906 3980 nou
926 3917 1061 3999 aperuit
1077 3935 1116 3981 os
1135 3917 1260 3983 suum?
1310 3915 1382 3995 Qui
1404 3934 1486 3998 ergo

393 4015 557 4099 puerulus
585 4033 608 4081 a
636 4014 734 4099 justo
768 4014 926 4082 Simeoua
958 4016 1063 4079 semel
1097 4015 1234 4081 oblatus
1269 4017 1305 4081 in
1344 4015 1487 4097 Templo

395 4114 508 4179 suerat
532 4115 570 4179 in
600 4120 753 4198 tempore
777 4114 865 4197 legis
892 4121 927 4179 et
950 4115 1218 4182 ceremoniarum
1242 4115 1487 4197 redemptione,

395 4232 458 4296 pro
479 4221 598 4278 nostra
619 4214 818 4281 liberatione
841 4214 877 4279 in
904 4233 1005 4279 cruce
1028 4234 1150 4279 manus
1171 4235 1253 4282 suas
1275 4216 1320 4280 ad
1347 4214 1487 4278 Patrem

395 4313 534 4389 levavit,
552 4313 658 4397 juxta
673 4313 758 4378 illud
781 4312 1000 4391 Davidicum,
1015 4319 1025 4348 ‘
1040 4314 1199 4381 Eleratio
1219 4332 1381 4380 manuum
1397 4332 1488 4377 mea·
1529 4371 1532 4376 ,

395 4429 472 4476 rum
489 4413 693 4478 sacrificium
708 4413 964 4497 vespertinum?
1015 4412 1072 4479 Sic
1094 4421 1222 4493 reatus,
1248 4434 1349 4499 quem
1373 4410 1486 4478 Adam

395 4529 457 4594 per
471 4511 665 4595 superbiam
679 4512 764 4595 ligni
779 4512 1006 4579 delectatione
1018 4521 1251 4595 contraxerat,
1265 4514 1385 4579 mortis
1396 4530 1487 4577 ama·
