<?xml version="1.0" encoding="UTF-8"?>
<!DOCTYPE html PUBLIC "-//W3C//DTD XHTML 1.0 Transitional//EN"
    "http://www.w3.org/TR/xhtml1/DTD/xhtml1-transitional.dtd">
<html xmlns="http://www.w3.org/1999/xhtml" xml:lang="en" lang="en">
 <head>
  <title>
</title>
<meta http-equiv="Content-Type" content="text/html;charset=utf-8" />
  <meta name='ocr-system' content='tesseract 3.04.00' />
  <meta name='ocr-capabilities' content='ocr_page ocr_carea ocr_par ocr_line ocrx_word'/>
</head>
<body>
  <div class='ocr_page' id='page_1' title='image "appendixadroger01parigoog_0328.png"; bbox 0 0 3334 5734; ppageno 0'>
   <div class='ocr_carea' id='block_1_1' title="bbox 391 770 1103 839">
    <p class='ocr_par' dir='ltr' id='par_1_1' title="bbox 391 770 1103 839">
     <span class='ocr_line' id='line_1_1' title="bbox 391 770 1103 839; baseline -0.008 0"><span class='ocrx_word' id='word_1_1' title='bbox 391 770 457 839; x_wconf 83' lang='grc'><strong>308</strong></span> <span class='ocrx_word' id='word_1_2' title='bbox 751 784 948 835; x_wconf 72' lang='lat' dir='ltr'><strong>amicans</strong></span> <span class='ocrx_word' id='word_1_3' title='bbox 971 785 1103 835; x_wconf 75' lang='lat' dir='ltr'><strong>raaia.</strong></span> 
     </span>
    </p>
   </div>
   <div class='ocr_carea' id='block_1_2' title="bbox 394 914 1393 1053">
    <p class='ocr_par' dir='ltr' id='par_1_2' title="bbox 394 914 1393 1053">
     <span class='ocr_line' id='line_1_2' title="bbox 394 914 1393 1053; baseline -0.01 -12"><span class='ocrx_word' id='word_1_4' title='bbox 394 915 471 1052; x_wconf 62' lang='lat' dir='ltr'><strong>iii,</strong></span> <span class='ocrx_word' id='word_1_5' title='bbox 483 914 540 1053; x_wconf 52' lang='lat' dir='ltr'><strong>L1¹:71}</strong></span> <span class='ocrx_word' id='word_1_6' title='bbox 555 974 672 1040; x_wconf 66' lang='lat' dir='ltr'><strong>uara</strong></span> <span class='ocrx_word' id='word_1_7' title='bbox 785 972 908 1036; x_wconf 70' lang='lat' dir='ltr'><strong>nane</strong></span> <span class='ocrx_word' id='word_1_8' title='bbox 922 970 959 1035; x_wconf 78' lang='lat' dir='ltr'><strong>tn</strong></span> <span class='ocrx_word' id='word_1_9' title='bbox 976 969 1115 1035; x_wconf 71' lang='lat' dir='ltr'><strong>meaa</strong></span> <span class='ocrx_word' id='word_1_10' title='bbox 1131 966 1393 1034; x_wconf 80' lang='lat' dir='ltr'><strong>eanonieorum.</strong></span> 
     </span>
    </p>
   </div>
   <div class='ocr_carea' id='block_1_3' title="bbox 395 1091 1316 1262">
    <p class='ocr_par' dir='ltr' id='par_1_3' title="bbox 395 1091 1316 1262">
     <span class='ocr_line' id='line_1_3' title="bbox 395 1091 1316 1184; baseline -0.01 -19"><span class='ocrx_word' id='word_1_11' title='bbox 395 1142 445 1154; x_wconf 92' lang='lat'><em>-</em></span> <span class='ocrx_word' id='word_1_12' title='bbox 488 1102 540 1177; x_wconf 82' lang='lat'><strong>14,</strong></span> <span class='ocrx_word' id='word_1_13' title='bbox 555 1098 739 1184; x_wconf 59' lang='lat' dir='ltr'><strong>musaei...</strong></span> <span class='ocrx_word' id='word_1_14' title='bbox 786 1114 848 1179; x_wconf 86' lang='lat' dir='ltr'><strong>per</strong></span> <span class='ocrx_word' id='word_1_15' title='bbox 862 1093 1095 1178; x_wconf 77' lang='lat' dir='ltr'><strong>arrogantiam</strong></span> <span class='ocrx_word' id='word_1_16' title='bbox 1106 1091 1316 1175; x_wconf 81' lang='lat' dir='ltr'><strong>confugerat</strong></span> 
     </span>
     <span class='ocr_line' id='line_1_4' title="bbox 557 1195 740 1262; baseline -0.011 0"><span class='ocrx_word' id='word_1_17' title='bbox 557 1219 573 1262; x_wconf 84' lang='lat' dir='ltr'><strong>s</strong></span> <span class='ocrx_word' id='word_1_18' title='bbox 586 1195 740 1262; x_wconf 65' lang='lat' dir='ltr'><strong>sacrario</strong></span> 
     </span>
    </p>
   </div>
   <div class='ocr_carea' id='block_1_4' title="bbox 280 1291 1479 1532">
    <p class='ocr_par' dir='ltr' id='par_1_4' title="bbox 280 1291 1479 1532">
     <span class='ocr_line' id='line_1_5' title="bbox 280 1291 972 1402; baseline 0.001 -26"><span class='ocrx_word' id='word_1_19' title='bbox 280 1291 318 1376; x_wconf 68' lang='grc' dir='ltr'><strong>ἰ·</strong></span> <span class='ocrx_word' id='word_1_20' title='bbox 395 1365 447 1378; x_wconf 92' lang='grc'><strong>..</strong></span> <span class='ocrx_word' id='word_1_21' title='bbox 489 1325 541 1402; x_wconf 85' lang='lat'><strong>16,</strong></span> <span class='ocrx_word' id='word_1_22' title='bbox 555 1322 713 1388; x_wconf 71' lang='lat' dir='ltr'><strong>morceis</strong></span> <span class='ocrx_word' id='word_1_23' title='bbox 787 1314 972 1381; x_wconf 84' lang='lat' dir='ltr'><strong>revocavit.</strong></span> 
     </span>
     <span class='ocr_line' id='line_1_6' title="bbox 396 1433 1479 1532; baseline 0.003 -35"><span class='ocrx_word' id='word_1_24' title='bbox 396 1482 447 1497; x_wconf 81' lang='grc'><strong>-</strong></span> <span class='ocrx_word' id='word_1_25' title='bbox 490 1450 541 1524; x_wconf 76' lang='lat'><strong>13,</strong></span> <span class='ocrx_word' id='word_1_26' title='bbox 556 1445 742 1532; x_wconf 59' lang='lat' dir='ltr'><strong>mm...</strong></span> <span class='ocrx_word' id='word_1_27' title='bbox 788 1440 839 1504; x_wconf 88' lang='lat' dir='ltr'><strong>ita</strong></span> <span class='ocrx_word' id='word_1_28' title='bbox 860 1437 953 1522; x_wconf 88' lang='lat' dir='ltr'><strong>quod</strong></span> <span class='ocrx_word' id='word_1_29' title='bbox 973 1455 1051 1502; x_wconf 89' lang='lat' dir='ltr'><strong>eum</strong></span> <span class='ocrx_word' id='word_1_30' title='bbox 1070 1441 1263 1519; x_wconf 71' lang='lat' dir='ltr'><strong>quaerentes</strong></span> <span class='ocrx_word' id='word_1_31' title='bbox 1284 1433 1479 1500; x_wconf 79' lang='lat' dir='ltr'><strong>deiecerunt</strong></span> 
     </span>
    </p>
   </div>
   <div class='ocr_carea' id='block_1_5' title="bbox 407 1533 1490 3970">
    <p class='ocr_par' dir='ltr' id='par_1_5' title="bbox 407 1533 1490 3970">
     <span class='ocr_line' id='line_1_7' title="bbox 561 1533 1478 1632; baseline -0.013 -21"><span class='ocrx_word' id='word_1_32' title='bbox 561 1546 740 1632; x_wconf 66' lang='lat' dir='ltr'><strong>monimi-</strong></span> <span class='ocrx_word' id='word_1_33' title='bbox 810 1544 1003 1604; x_wconf 74' lang='lat' dir='ltr'><strong>scrutantes</strong></span> <span class='ocrx_word' id='word_1_34' title='bbox 1038 1535 1214 1600; x_wconf 89' lang='lat' dir='ltr'><strong>scrutinio.</strong></span> <span class='ocrx_word' id='word_1_35' title='bbox 1281 1533 1348 1599; x_wconf 88' lang='lat' dir='ltr'><strong>Sed</strong></span> <span class='ocrx_word' id='word_1_36' title='bbox 1380 1534 1478 1599; x_wconf 91' lang='lat' dir='ltr'><strong>multi</strong></span> 
     </span>
     <span class='ocr_line' id='line_1_8' title="bbox 560 1632 1480 1718; baseline -0.007 -14"><span class='ocrx_word' id='word_1_37' title='bbox 560 1654 652 1710; x_wconf 65' lang='lat' dir='ltr'><strong>mum</strong></span> <span class='ocrx_word' id='word_1_38' title='bbox 676 1644 730 1710; x_wconf 75' lang='lat' dir='ltr'><strong>la-</strong></span> <span class='ocrx_word' id='word_1_39' title='bbox 811 1657 890 1702; x_wconf 89' lang='lat' dir='ltr'><strong>eum</strong></span> <span class='ocrx_word' id='word_1_40' title='bbox 927 1636 1075 1702; x_wconf 85' lang='lat' dir='ltr'><strong>Romam</strong></span> <span class='ocrx_word' id='word_1_41' title='bbox 1109 1634 1250 1718; x_wconf 84' lang='lat' dir='ltr'><strong>petisse,</strong></span> <span class='ocrx_word' id='word_1_42' title='bbox 1295 1632 1340 1698; x_wconf 90' lang='lat' dir='ltr'><strong>ad</strong></span> <span class='ocrx_word' id='word_1_43' title='bbox 1381 1634 1480 1718; x_wconf 85' lang='lat' dir='ltr'><strong>cujus</strong></span> 
     </span>
     <span class='ocr_line' id='line_1_9' title="bbox 560 1732 1481 1816; baseline -0.008 -13"><span class='ocrx_word' id='word_1_44' title='bbox 560 1742 659 1809; x_wconf 67' lang='lat' dir='ltr'><strong>lomet</strong></span> <span class='ocrx_word' id='word_1_45' title='bbox 812 1737 941 1802; x_wconf 89' lang='lat' dir='ltr'><strong>curiam</strong></span> <span class='ocrx_word' id='word_1_46' title='bbox 950 1735 1042 1800; x_wconf 84' lang='lat' dir='ltr'><strong>viam</strong></span> <span class='ocrx_word' id='word_1_47' title='bbox 1059 1740 1139 1798; x_wconf 89' lang='lat' dir='ltr'><strong>ante</strong></span> <span class='ocrx_word' id='word_1_48' title='bbox 1154 1752 1247 1816; x_wconf 68' lang='lat' dir='ltr'><strong>sarpa</strong></span> <span class='ocrx_word' id='word_1_49' title='bbox 1261 1732 1481 1808; x_wconf 86' lang='lat' dir='ltr'><strong>contriverat,</strong></span> 
     </span>
     <span class='ocr_line' id='line_1_10' title="bbox 812 1830 1481 1919; baseline -0.01 -18"><span class='ocrx_word' id='word_1_50' title='bbox 812 1834 950 1919; x_wconf 88' lang='lat' dir='ltr'><strong>quando</strong></span> <span class='ocrx_word' id='word_1_51' title='bbox 981 1833 1046 1897; x_wconf 82' lang='lat' dir='ltr'><strong>fuit</strong></span> <span class='ocrx_word' id='word_1_52' title='bbox 1078 1832 1239 1897; x_wconf 84' lang='lat' dir='ltr'><strong>Falconis</strong></span> <span class='ocrx_word' id='word_1_53' title='bbox 1269 1830 1397 1898; x_wconf 88' lang='lat' dir='ltr'><strong>domini</strong></span> <span class='ocrx_word' id='word_1_54' title='bbox 1427 1832 1481 1895; x_wconf 91' lang='lat' dir='ltr'><strong>sui</strong></span> 
     </span>
     <span class='ocr_line' id='line_1_11' title="bbox 812 1930 1483 2019; baseline -0.009 -19"><span class='ocrx_word' id='word_1_55' title='bbox 812 1941 1025 2019; x_wconf 85' lang='lat' dir='ltr'><strong>procurator,</strong></span> <span class='ocrx_word' id='word_1_56' title='bbox 1051 1931 1315 2009; x_wconf 81' lang='lat' dir='ltr'><strong>existimabaut3</strong></span> <span class='ocrx_word' id='word_1_57' title='bbox 1346 1930 1408 1996; x_wconf 85' lang='lat' dir='ltr'><strong>sed</strong></span> <span class='ocrx_word' id='word_1_58' title='bbox 1431 1950 1483 1994; x_wconf 89' lang='lat' dir='ltr'><strong>re-</strong></span> 
     </span>
     <span class='ocr_line' id='line_1_12' title="bbox 812 2028 1485 2114; baseline -0.007 -16"><span class='ocrx_word' id='word_1_59' title='bbox 812 2053 896 2098; x_wconf 81' lang='lat' dir='ltr'><strong>vera</strong></span> <span class='ocrx_word' id='word_1_60' title='bbox 921 2032 965 2098; x_wconf 86' lang='lat' dir='ltr'><strong>ad</strong></span> <span class='ocrx_word' id='word_1_61' title='bbox 992 2032 1132 2097; x_wconf 87' lang='lat' dir='ltr'><strong>Novum</strong></span> <span class='ocrx_word' id='word_1_62' title='bbox 1158 2029 1338 2114; x_wconf 85' lang='lat' dir='ltr'><strong>Templum</strong></span> <span class='ocrx_word' id='word_1_63' title='bbox 1366 2049 1406 2095; x_wconf 91' lang='lat' dir='ltr'><strong>se</strong></span> <span class='ocrx_word' id='word_1_64' title='bbox 1432 2028 1485 2093; x_wconf 92' lang='lat' dir='ltr'><strong>in·</strong></span> 
     </span>
     <span class='ocr_line' id='line_1_13' title="bbox 813 2128 1483 2213; baseline -0.006 -16"><span class='ocrx_word' id='word_1_65' title='bbox 813 2133 948 2197; x_wconf 84' lang='lat' dir='ltr'><strong>firmum</strong></span> <span class='ocrx_word' id='word_1_66' title='bbox 961 2129 1125 2195; x_wconf 87' lang='lat' dir='ltr'><strong>simulans</strong></span> <span class='ocrx_word' id='word_1_67' title='bbox 1137 2130 1174 2193; x_wconf 88' lang='lat' dir='ltr'><strong>in</strong></span> <span class='ocrx_word' id='word_1_68' title='bbox 1188 2128 1336 2213; x_wconf 89' lang='lat' dir='ltr'><strong>quodam</strong></span> <span class='ocrx_word' id='word_1_69' title='bbox 1351 2136 1483 2194; x_wconf 87' lang='lat' dir='ltr'><strong>secreto</strong></span> 
     </span>
     <span class='ocr_line' id='line_1_14' title="bbox 812 2228 1482 2307; baseline -0.007 -10"><span class='ocrx_word' id='word_1_70' title='bbox 812 2233 944 2297; x_wconf 89' lang='lat' dir='ltr'><strong>celatus</strong></span> <span class='ocrx_word' id='word_1_71' title='bbox 959 2229 1097 2295; x_wconf 88' lang='lat' dir='ltr'><strong>cellario</strong></span> <span class='ocrx_word' id='word_1_72' title='bbox 1111 2228 1282 2307; x_wconf 85' lang='lat' dir='ltr'><strong>latitabat,</strong></span> <span class='ocrx_word' id='word_1_73' title='bbox 1301 2247 1396 2293; x_wconf 87' lang='lat' dir='ltr'><strong>more</strong></span> <span class='ocrx_word' id='word_1_74' title='bbox 1413 2235 1482 2292; x_wconf 89' lang='lat' dir='ltr'><strong>tec·</strong></span> 
     </span>
     <span class='ocr_line' id='line_1_15' title="bbox 813 2327 1485 2414; baseline -0.009 -17"><span class='ocrx_word' id='word_1_75' title='bbox 813 2339 870 2397; x_wconf 87' lang='lat' dir='ltr'><strong>tus</strong></span> <span class='ocrx_word' id='word_1_76' title='bbox 884 2330 1048 2414; x_wconf 87' lang='lat' dir='ltr'><strong>leporino.</strong></span> <span class='ocrx_word' id='word_1_77' title='bbox 1099 2328 1175 2393; x_wconf 89' lang='lat' dir='ltr'><strong>Nec</strong></span> <span class='ocrx_word' id='word_1_78' title='bbox 1195 2328 1299 2392; x_wconf 89' lang='lat' dir='ltr'><strong>etiam</strong></span> <span class='ocrx_word' id='word_1_79' title='bbox 1320 2327 1366 2391; x_wconf 88' lang='lat' dir='ltr'><strong>ad</strong></span> <span class='ocrx_word' id='word_1_80' title='bbox 1389 2346 1485 2391; x_wconf 89' lang='lat' dir='ltr'><strong>man·</strong></span> 
     </span>
     <span class='ocr_line' id='line_1_16' title="bbox 814 2427 1485 2510; baseline -0.004 -16"><span class='ocrx_word' id='word_1_81' title='bbox 814 2430 932 2494; x_wconf 90' lang='lat' dir='ltr'><strong>datum</strong></span> <span class='ocrx_word' id='word_1_82' title='bbox 954 2428 1046 2510; x_wconf 87' lang='lat' dir='ltr'><strong>regis</strong></span> <span class='ocrx_word' id='word_1_83' title='bbox 1072 2427 1256 2504; x_wconf 83' lang='lat' dir='ltr'><strong>excitatns,</strong></span> <span class='ocrx_word' id='word_1_84' title='bbox 1284 2446 1362 2492; x_wconf 88' lang='lat' dir='ltr'><strong>cnm</strong></span> <span class='ocrx_word' id='word_1_85' title='bbox 1388 2427 1485 2491; x_wconf 76' lang='lat' dir='ltr'><strong>scitas</strong></span> 
     </span>
     <span class='ocr_line' id='line_1_17' title="bbox 814 2525 1483 2614; baseline -0.006 -21"><span class='ocrx_word' id='word_1_86' title='bbox 814 2528 890 2614; x_wconf 87' lang='lat' dir='ltr'><strong>ejus</strong></span> <span class='ocrx_word' id='word_1_87' title='bbox 906 2527 1043 2592; x_wconf 79' lang='lat' dir='ltr'><strong>suerunt</strong></span> <span class='ocrx_word' id='word_1_88' title='bbox 1056 2525 1212 2604; x_wconf 80' lang='lat' dir='ltr'><strong>latebras,</strong></span> <span class='ocrx_word' id='word_1_89' title='bbox 1226 2544 1328 2591; x_wconf 86' lang='lat' dir='ltr'><strong>ausus</strong></span> <span class='ocrx_word' id='word_1_90' title='bbox 1349 2533 1404 2591; x_wconf 89' lang='lat' dir='ltr'><strong>est</strong></span> <span class='ocrx_word' id='word_1_91' title='bbox 1424 2526 1483 2589; x_wconf 90' lang='lat' dir='ltr'><strong>diu</strong></span> 
     </span>
     <span class='ocr_line' id='line_1_18' title="bbox 815 2625 1485 2710; baseline -0.004 -19"><span class='ocrx_word' id='word_1_92' title='bbox 815 2626 953 2710; x_wconf 88' lang='lat' dir='ltr'><strong>egredi;</strong></span> <span class='ocrx_word' id='word_1_93' title='bbox 976 2626 1066 2690; x_wconf 87' lang='lat' dir='ltr'><strong>sicut</strong></span> <span class='ocrx_word' id='word_1_94' title='bbox 1080 2644 1143 2690; x_wconf 82' lang='lat' dir='ltr'><strong>nec</strong></span> <span class='ocrx_word' id='word_1_95' title='bbox 1162 2625 1235 2703; x_wconf 89' lang='lat' dir='ltr'><strong>alii,</strong></span> <span class='ocrx_word' id='word_1_96' title='bbox 1256 2644 1320 2689; x_wconf 89' lang='lat' dir='ltr'><strong>sna</strong></span> <span class='ocrx_word' id='word_1_97' title='bbox 1334 2644 1393 2689; x_wconf 87' lang='lat' dir='ltr'><strong>eos</strong></span> <span class='ocrx_word' id='word_1_98' title='bbox 1406 2645 1485 2690; x_wconf 89' lang='lat' dir='ltr'><strong>oon·</strong></span> 
     </span>
     <span class='ocr_line' id='line_1_19' title="bbox 816 2723 1485 2808; baseline -0.004 -17"><span class='ocrx_word' id='word_1_99' title='bbox 816 2727 959 2791; x_wconf 89' lang='lat' dir='ltr'><strong>scientia</strong></span> <span class='ocrx_word' id='word_1_100' title='bbox 974 2723 1201 2803; x_wconf 81' lang='lat' dir='ltr'><strong>remordent03</strong></span> <span class='ocrx_word' id='word_1_101' title='bbox 1222 2724 1303 2789; x_wconf 87' lang='lat' dir='ltr'><strong>inde</strong></span> <span class='ocrx_word' id='word_1_102' title='bbox 1318 2723 1485 2808; x_wconf 83' lang='lat' dir='ltr'><strong>suspicio-</strong></span> 
     </span>
     <span class='ocr_line' id='line_1_20' title="bbox 819 2823 1485 2908; baseline -0.002 -18"><span class='ocrx_word' id='word_1_103' title='bbox 819 2827 873 2890; x_wconf 89' lang='lat' dir='ltr'><strong>nis</strong></span> <span class='ocrx_word' id='word_1_104' title='bbox 886 2831 1122 2907; x_wconf 80' lang='lat' dir='ltr'><strong>argumentum</strong></span> <span class='ocrx_word' id='word_1_105' title='bbox 1133 2823 1384 2902; x_wconf 89' lang='lat' dir='ltr'><strong>contraheutes,</strong></span> <span class='ocrx_word' id='word_1_106' title='bbox 1395 2823 1485 2908; x_wconf 88' lang='lat' dir='ltr'><strong>quod</strong></span> 
     </span>
     <span class='ocr_line' id='line_1_21' title="bbox 817 2923 1486 3007; baseline -0.004 -18"><span class='ocrx_word' id='word_1_107' title='bbox 817 2924 945 2989; x_wconf 90' lang='lat' dir='ltr'><strong>inimici</strong></span> <span class='ocrx_word' id='word_1_108' title='bbox 968 2942 1098 3002; x_wconf 90' lang='lat' dir='ltr'><strong>eorum,</strong></span> <span class='ocrx_word' id='word_1_109' title='bbox 1128 2924 1187 3007; x_wconf 92' lang='lat' dir='ltr'><strong>qui</strong></span> <span class='ocrx_word' id='word_1_110' title='bbox 1210 2923 1312 2987; x_wconf 85' lang='lat' dir='ltr'><strong>villas</strong></span> <span class='ocrx_word' id='word_1_111' title='bbox 1339 2941 1422 2987; x_wconf 91' lang='lat' dir='ltr'><strong>suas</strong></span> <span class='ocrx_word' id='word_1_112' title='bbox 1451 2930 1486 2986; x_wconf 91' lang='lat' dir='ltr'><strong>et</strong></span> 
     </span>
     <span class='ocr_line' id='line_1_22' title="bbox 818 3021 1485 3106; baseline -0.006 -17"><span class='ocrx_word' id='word_1_113' title='bbox 818 3022 964 3089; x_wconf 82' lang='lat' dir='ltr'><strong>aedificia</strong></span> <span class='ocrx_word' id='word_1_114' title='bbox 974 3041 1051 3086; x_wconf 91' lang='lat' dir='ltr'><strong>cum</strong></span> <span class='ocrx_word' id='word_1_115' title='bbox 1064 3021 1193 3086; x_wconf 75' lang='lat' dir='ltr'><strong>hemis</strong></span> <span class='ocrx_word' id='word_1_116' title='bbox 1203 3021 1359 3104; x_wconf 76' lang='lat' dir='ltr'><strong>frugibus</strong></span> <span class='ocrx_word' id='word_1_117' title='bbox 1376 3021 1485 3106; x_wconf 86' lang='lat' dir='ltr'><strong>plenis</strong></span> 
     </span>
     <span class='ocr_line' id='line_1_23' title="bbox 818 3128 1486 3204; baseline -0.006 -17"><span class='ocrx_word' id='word_1_118' title='bbox 818 3128 1129 3198; x_wconf 77' lang='lat' dir='ltr'><strong>concremaverant,</strong></span> <span class='ocrx_word' id='word_1_119' title='bbox 1139 3140 1208 3185; x_wconf 92' lang='lat' dir='ltr'><strong>non</strong></span> <span class='ocrx_word' id='word_1_120' title='bbox 1223 3128 1403 3204; x_wconf 76' lang='lat' dir='ltr'><strong>parcerent</strong></span> <span class='ocrx_word' id='word_1_121' title='bbox 1415 3139 1486 3186; x_wconf 87' lang='lat' dir='ltr'><strong>cor·</strong></span> 
     </span>
     <span class='ocr_line' id='line_1_24' title="bbox 819 3219 1488 3305; baseline -0.001 -20"><span class='ocrx_word' id='word_1_122' title='bbox 819 3222 960 3305; x_wconf 85' lang='lat' dir='ltr'><strong>poribus</strong></span> <span class='ocrx_word' id='word_1_123' title='bbox 981 3221 1053 3285; x_wconf 92' lang='lat' dir='ltr'><strong>suis</strong></span> <span class='ocrx_word' id='word_1_124' title='bbox 1074 3219 1105 3285; x_wconf 91' lang='lat' dir='ltr'><strong>si</strong></span> <span class='ocrx_word' id='word_1_125' title='bbox 1127 3220 1271 3285; x_wconf 86' lang='lat' dir='ltr'><strong>nocendi</strong></span> <span class='ocrx_word' id='word_1_126' title='bbox 1293 3220 1488 3304; x_wconf 86' lang='lat' dir='ltr'><strong>opportuni·</strong></span> 
     </span>
     <span class='ocr_line' id='line_1_25' title="bbox 821 3319 1143 3386; baseline -0.003 -1"><span class='ocrx_word' id='word_1_127' title='bbox 821 3327 928 3386; x_wconf 88' lang='lat' dir='ltr'><strong>tatem</strong></span> <span class='ocrx_word' id='word_1_128' title='bbox 941 3319 1143 3385; x_wconf 86' lang='lat' dir='ltr'><strong>invenirent.</strong></span> 
     </span>
     <span class='ocr_line' id='line_1_26' title="bbox 407 3441 918 3524; baseline 0.016 -22"><span class='ocrx_word' id='word_1_129' title='bbox 407 3487 458 3502; x_wconf 93' lang='lat'><strong>..</strong></span> <span class='ocrx_word' id='word_1_130' title='bbox 500 3447 553 3524; x_wconf 72' lang='lat' dir='ltr'><strong>st</strong></span> <span class='ocrx_word' id='word_1_131' title='bbox 566 3452 603 3509; x_wconf 73' lang='lat' dir='ltr'><strong>ut</strong></span> <span class='ocrx_word' id='word_1_132' title='bbox 616 3441 745 3508; x_wconf 75' lang='lat' dir='ltr'><strong>breviter</strong></span> <span class='ocrx_word' id='word_1_133' title='bbox 799 3442 918 3510; x_wconf 65' lang='lat' dir='ltr'><strong>&lt;lassauit0</strong></span> 
     </span>
     <span class='ocr_line' id='line_1_27' title="bbox 568 3543 695 3608; baseline -0.016 1"><span class='ocrx_word' id='word_1_134' title='bbox 568 3543 695 3608; x_wconf 67' lang='lat' dir='ltr'><strong>dicum</strong></span> 
     </span>
     <span class='ocr_line' id='line_1_28' title="bbox 409 3662 1490 3753; baseline -0.002 -19"><span class='ocrx_word' id='word_1_135' title='bbox 409 3668 483 3746; x_wconf 89' lang='grc'><strong>313,</strong></span> <span class='ocrx_word' id='word_1_136' title='bbox 520 3667 551 3745; x_wconf 89' lang='grc'><strong>3,</strong></span> <span class='ocrx_word' id='word_1_137' title='bbox 566 3684 652 3753; x_wconf 76' lang='lat' dir='ltr'><strong>qoem</strong></span> <span class='ocrx_word' id='word_1_138' title='bbox 801 3662 955 3730; x_wconf 88' lang='lat' dir='ltr'><strong>anelacio</strong></span> <span class='ocrx_word' id='word_1_139' title='bbox 964 3662 1259 3729; x_wconf 86' lang='lat' dir='ltr'><strong>tamenalumbali</strong></span> <span class='ocrx_word' id='word_1_140' title='bbox 1268 3664 1490 3750; x_wconf 85' lang='lat' dir='ltr'><strong>dependente,</strong></span> 
     </span>
     <span class='ocr_line' id='line_1_29' title="bbox 686 3782 1018 3870; baseline -0.003 -40"><span class='ocrx_word' id='word_1_141' title='bbox 686 3815 713 3870; x_wconf 46' lang='grc' dir='ltr'><strong>ι</strong></span> <span class='ocrx_word' id='word_1_142' title='bbox 823 3782 1018 3848; x_wconf 84' lang='lat' dir='ltr'><strong>regemque.</strong></span> 
     </span>
     <span class='ocr_line' id='line_1_30' title="bbox 409 3885 965 3970; baseline 0.014 -25"><span class='ocrx_word' id='word_1_143' title='bbox 409 3932 460 3945; x_wconf 84' lang='grc'><strong>-</strong></span> <span class='ocrx_word' id='word_1_144' title='bbox 503 3892 556 3968; x_wconf 91' lang='grc'><strong>10,</strong></span> <span class='ocrx_word' id='word_1_145' title='bbox 572 3885 694 3953; x_wconf 66' lang='lat' dir='ltr'><strong>matra</strong></span> <span class='ocrx_word' id='word_1_146' title='bbox 801 3886 965 3970; x_wconf 83' lang='lat' dir='ltr'><strong>relegavi.</strong></span> 
     </span>
    </p>
   </div>
   <div class='ocr_carea' id='block_1_6' title="bbox 410 4009 1570 4490">
    <p class='ocr_par' dir='ltr' id='par_1_6' title="bbox 410 4009 1570 4490">
     <span class='ocr_line' id='line_1_31' title="bbox 410 4009 1493 4098; baseline 0.002 -21"><span class='ocrx_word' id='word_1_147' title='bbox 410 4050 461 4062; x_wconf 95' lang='lat'>—</span> <span class='ocrx_word' id='word_1_148' title='bbox 504 4009 755 4091; x_wconf 77' lang='lat' dir='ltr'><strong>ll,roruilium..</strong></span> <span class='ocrx_word' id='word_1_149' title='bbox 802 4011 907 4076; x_wconf 90' lang='lat' dir='ltr'><strong>etiam</strong></span> <span class='ocrx_word' id='word_1_150' title='bbox 927 4011 1105 4076; x_wconf 90' lang='lat' dir='ltr'><strong>consilium</strong></span> <span class='ocrx_word' id='word_1_151' title='bbox 1127 4020 1224 4078; x_wconf 87' lang='lat' dir='ltr'><strong>taum</strong></span> <span class='ocrx_word' id='word_1_152' title='bbox 1241 4020 1277 4078; x_wconf 87' lang='lat' dir='ltr'><strong>et</strong></span> <span class='ocrx_word' id='word_1_153' title='bbox 1292 4013 1493 4098; x_wconf 86' lang='lat' dir='ltr'><strong>complicum</strong></span> 
     </span>
     <span class='ocr_line' id='line_1_32' title="bbox 569 4112 1492 4197; baseline 0.008 -24"><span class='ocrx_word' id='word_1_154' title='bbox 569 4132 630 4197; x_wconf 77' lang='lat' dir='ltr'><strong>por</strong></span> <span class='ocrx_word' id='word_1_155' title='bbox 641 4129 734 4197; x_wconf 56' lang='lat' dir='ltr'><strong>wera</strong></span> <span class='ocrx_word' id='word_1_156' title='bbox 824 4117 960 4176; x_wconf 87' lang='lat' dir='ltr'><strong>tuorum</strong></span> <span class='ocrx_word' id='word_1_157' title='bbox 980 4130 1138 4193; x_wconf 89' lang='lat' dir='ltr'><strong>guerram</strong></span> <span class='ocrx_word' id='word_1_158' title='bbox 1158 4120 1279 4178; x_wconf 76' lang='lat' dir='ltr'><strong>oontm</strong></span> <span class='ocrx_word' id='word_1_159' title='bbox 1294 4112 1373 4178; x_wconf 90' lang='lat' dir='ltr'><strong>illos</strong></span> <span class='ocrx_word' id='word_1_160' title='bbox 1389 4116 1492 4194; x_wconf 81' lang='lat' dir='ltr'><strong>movi,</strong></span> 
     </span>
     <span class='ocr_line' id='line_1_33' title="bbox 825 4208 1493 4294; baseline 0.009 -21"><span class='ocrx_word' id='word_1_161' title='bbox 825 4208 862 4274; x_wconf 89' lang='lat' dir='ltr'><strong>in</strong></span> <span class='ocrx_word' id='word_1_162' title='bbox 880 4209 1051 4294; x_wconf 86' lang='lat' dir='ltr'><strong>jacturam</strong></span> <span class='ocrx_word' id='word_1_163' title='bbox 1073 4229 1184 4275; x_wconf 87' lang='lat' dir='ltr'><strong>meam</strong></span> <span class='ocrx_word' id='word_1_164' title='bbox 1207 4212 1493 4279; x_wconf 87' lang='lat' dir='ltr'><strong>irrestaurabilem</strong></span> 
     </span>
     <span class='ocr_line' id='line_1_34' title="bbox 746 4307 1570 4397; baseline 0.008 -25"><span class='ocrx_word' id='word_1_165' title='bbox 746 4325 752 4332; x_wconf 90' lang='lat'>·</span> <span class='ocrx_word' id='word_1_166' title='bbox 825 4314 862 4373; x_wconf 89' lang='lat' dir='ltr'><strong>et</strong></span> <span class='ocrx_word' id='word_1_167' title='bbox 888 4307 986 4390; x_wconf 85' lang='lat' dir='ltr'><strong>regni</strong></span> <span class='ocrx_word' id='word_1_168' title='bbox 1017 4311 1261 4394; x_wconf 68' lang='lat' dir='ltr'><strong>opprobrium</strong></span> <span class='ocrx_word' id='word_1_169' title='bbox 1300 4331 1363 4395; x_wconf 90' lang='lat' dir='ltr'><strong>per</strong></span> <span class='ocrx_word' id='word_1_170' title='bbox 1392 4332 1493 4397; x_wconf 85' lang='lat' dir='ltr'><strong>quam</strong></span> <span class='ocrx_word' id='word_1_171' title='bbox 1567 4360 1570 4364; x_wconf 77' lang='lat'><strong>·</strong></span> 
     </span>
     <span class='ocr_line' id='line_1_35' title="bbox 826 4426 996 4490; baseline 0.018 -19"><span class='ocrx_word' id='word_1_172' title='bbox 826 4426 996 4490; x_wconf 86' lang='lat' dir='ltr'><strong>guerram.</strong></span> 
     </span>
    </p>
   </div>
   <div class='ocr_carea' id='block_1_7' title="bbox 284 4531 1496 4717">
    <p class='ocr_par' dir='ltr' id='par_1_7' title="bbox 284 4531 1496 4717">
     <span class='ocr_line' id='line_1_36' title="bbox 284 4531 1496 4698; baseline 0.003 -101"><span class='ocrx_word' id='word_1_173' title='bbox 284 4617 288 4624; x_wconf 21' lang='grc' dir='ltr'>ι</span> <span class='ocrx_word' id='word_1_174' title='bbox 411 4574 462 4589; x_wconf 90' lang='grc'>-</span> <span class='ocrx_word' id='word_1_175' title='bbox 505 4536 557 4612; x_wconf 88' lang='grc'><strong>13,</strong></span> <span class='ocrx_word' id='word_1_176' title='bbox 573 4532 757 4698; x_wconf 40' lang='lat' dir='ltr'><strong>gemmus..</strong></span> <span class='ocrx_word' id='word_1_177' title='bbox 805 4531 912 4597; x_wconf 83' lang='lat' dir='ltr'><strong>vitam</strong></span> <span class='ocrx_word' id='word_1_178' title='bbox 935 4532 1118 4599; x_wconf 91' lang='lat' dir='ltr'><strong>multorum</strong></span> <span class='ocrx_word' id='word_1_179' title='bbox 1140 4533 1324 4600; x_wconf 90' lang='lat' dir='ltr'><strong>illustrium</strong></span> <span class='ocrx_word' id='word_1_180' title='bbox 1345 4536 1496 4601; x_wconf 84' lang='lat' dir='ltr'><strong>simulet</strong></span> 
     </span>
     <span class='ocr_line' id='line_1_37' title="bbox 605 4632 686 4717; baseline 0.012 -21"><span class='ocrx_word' id='word_1_181' title='bbox 605 4632 686 4717; x_wconf 68' lang='lat' dir='ltr'><strong>uegit</strong></span> 
     </span>
    </p>
   </div>
   <div class='ocr_carea' id='block_1_8' title="bbox 0 0 1697 5734">
    <p class='ocr_par' dir='ltr' id='par_1_8' title="bbox 0 0 1697 5734">
     <span class='ocr_line' id='line_1_38' title="bbox 0 0 1697 5734; baseline 0 0"><span class='ocrx_word' id='word_1_182' title='bbox 0 0 1697 5734; x_wconf 95' lang='lat' dir='ltr'><strong> </strong></span> 
     </span>
    </p>
   </div>
  </div>
 </body>
</html>
