3334 5734
560 771 758 822 nsorrosns
780 772 913 823 varin.
1238 756 1282 823 ⁷⁷

195 893 254 934 PAO.
276 894 331 934 un.

186 958 449 1044 835,10,oporis
586 977 736 1043 opernm.

187 1077 253 1149 337
281 1082 322 1147 16
344 1091 495 1168 W
586 1057 646 1123 All
663 1058 731 1124 this
749 1057 927 1137 insertion,
944 1066 982 1124 to
1002 1058 1061 1126 the
1073 1058 1187 1126 words
1200 1061 1280 1126 ‘ad-

253 1129 262 1159 ’
323 1129 535 1268 '‘mqfflp,
607 1156 675 1222 huc
697 1159 810 1237 esset,’
827 1159 865 1223 in
889 1159 947 1225 the
970 1159 1175 1243 Cambridge
1200 1159 1278 1225 MS.

356 1288 420 1346 m,
607 1256 638 1320 is
663 1258 710 1341 by
735 1257 847 1322 Paris'
877 1278 955 1324 own
984 1258 1088 1337 hand,
1114 1261 1190 1326 who
1217 1260 1279 1324 has

607 1356 790 1441 expunged
812 1356 871 1423 the
890 1358 1003 1423 rubrio
1023 1359 1089 1425 and
1107 1360 1165 1425 the
1187 1378 1280 1425 com-

608 1465 821 1522 mencement
841 1457 883 1521 of
898 1457 958 1522 the
976 1458 1153 1541 following
1173 1458 1278 1542 chap-

608 1562 673 1633 ter,
705 1556 774 1621 and
810 1555 903 1621 filled
935 1579 981 1642 up
1012 1558 1071 1624 the
1102 1578 1204 1643 space
1234 1559 1280 1642 by

608 1656 747 1738 writing
763 1656 822 1720 the
836 1656 903 1721 end
917 1657 957 1722 of
971 1656 1029 1722 the
1045 1659 1227 1742 preceding
1242 1660 1279 1722 in

610 1773 632 1819 a
647 1755 752 1819 wider
767 1755 868 1820 form.
917 1756 1070 1823 ‘Diebus
1083 1765 1196 1824 autem
1215 1758 1279 1823 sub

610 1853 737 1918 eisdem
753 1854 911 1919 dominns
926 1875 1018 1940 papa
1031 1857 1118 1922 hauc
1141 1857 1279 1940 elegan-

609 1960 679 2018 tem
690 1954 870 2037 epistolam
881 1955 974 2021 misit
982 1956 1133 2021 Soldauo
1142 1957 1280 2035 Yconii,

609 2055 814 2137 proponenti
840 2055 1001 2138 baptismi
1029 2064 1280 2121 sacramentum

610 2153 784 2237 suscipere
802 2160 839 2218 et
855 2155 890 2218 in
910 2153 987 2237 lege
1009 2153 1205 2221 Christiana
1227 2156 1280 2220 in·

610 2253 698 2316 strui
710 2253 873 2337 cupienti.
912 2252 1133 2320 ‘Alexander
1148 2257 1278 2339 episco-

609 2370 688 2434 pas,
707 2371 827 2418 servas
843 2371 1019 2418 servornm
1036 2353 1115 2432 Dei,
1132 2354 1281 2420 Soldano

611 2450 751 2529 Yconii,
768 2453 950 2518 veritatem
966 2472 1151 2536 agnoscere
1167 2462 1202 2520 et
1219 2474 1281 2537 ag·

611 2550 719 2615 uitam
736 2551 919 2617 custodire.
964 2552 1025 2649 Ex·
1036 2553 1145 2619 literis
1162 2554 1231 2618 tuis
1245 2562 1281 2620 et

613 2651 809 2715 nuntiorum
838 2650 930 2715 fideli
964 2651 1128 2718 relatione
1153 2672 1281 2735 cogno·

611 2748 736 2827 vimus,
764 2749 856 2833 quod
889 2751 925 2813 in
954 2751 1046 2817 votis
1078 2751 1205 2818 habeas
1237 2754 1280 2818 ad

612 2846 787 2913 Christum
818 2850 984 2914 converti.
1035 2849 1189 2935 Cumque
1208 2853 1280 2938 jam

612 2949 793 3032 receperis,
814 2955 856 3012 ut
875 2947 1080 3027 andivimus,
1105 2960 1284 3034 pentateu-

611 3065 691 3109 cum
713 3045 859 3129 Moysis,
880 3048 1094 3131 prophetiam
1113 3050 1227 3115 Esaiae
1249 3059 1284 3116 et

613 3144 811 3223 Hieremiae,
841 3146 944 3211 Pauli
974 3148 1149 3231 epistolas,
1181 3159 1285 3234 atque

612 3243 783 3309 Johannis
806 3245 1020 3329 evangelium
1048 3256 1084 3314 et
1111 3249 1282 3329 Matthaei,

613 3345 769 3427 postulas
792 3345 856 3409 tibi
883 3346 974 3412 mitti
1000 3347 1110 3412 virum
1135 3349 1283 3434 aliquem

613 3443 844 3509 orthodoxum
885 3465 948 3530 per
987 3466 1085 3530 quem
1131 3450 1165 3514 in
1206 3451 1283 3534 lege

613 3541 754 3619 Christi,
778 3545 877 3627 quasi
896 3546 969 3610 vice
996 3555 1126 3627 nostra,
1149 3549 1283 3632 plenius

612 3642 803 3708 instruaris.
865 3643 943 3710 Nos
978 3655 1092 3713 autem
1126 3650 1283 3732 petitioni

613 3747 683 3806 tuae
706 3742 889 3826 plurimum
913 3745 950 3808 in
973 3745 1048 3812 Deo
1067 3749 1284 3814 commenda·

613 3840 674 3904 bili
692 3849 792 3923 grato
806 3852 1022 3910 occurrentes
1038 3865 1178 3912 assensu
1195 3848 1283 3913 tales

613 3939 825 4006 excellentiae
844 3948 914 4007 tuae
933 3946 1188 4026 procurabimus
1210 3947 1283 4012 des·

613 4038 737 4117 tiuare,
747 4040 807 4123 qni
820 4041 912 4124 apud
925 4048 960 4106 te
976 4044 1010 4107 in
1027 4043 1181 4111 doctriua
1196 4065 1283 4111 sana

615 4144 651 4203 et
683 4138 891 4203 salutaribus
915 4143 1053 4208 monitis
1077 4144 1168 4208 vices
1200 4164 1283 4229 apo·

616 4237 746 4302 stolicee
761 4241 976 4305 auctoritatis
989 4241 1184 4325 suppleant,
1198 4263 1284 4327 qno·

614 4356 691 4400 rum
710 4338 814 4403 etiam
837 4359 948 4404 mores
967 4348 1002 4405 ct
1019 4341 1141 4407 merita
1161 4344 1205 4407 ab
1221 4342 1282 4409 ho-

615 4443 749 4502 nestate
789 4446 825 4504 et
870 4438 1036 4507 munditia
1083 4442 1283 4508 eruditionis

614 4536 822 4619 evangelicae
836 4558 905 4604 nou
920 4539 1123 4606 discordent.
1162 4541 1281 4623 Quan-
