<?xml version="1.0" encoding="UTF-8"?>
<!DOCTYPE html PUBLIC "-//W3C//DTD XHTML 1.0 Transitional//EN"
    "http://www.w3.org/TR/xhtml1/DTD/xhtml1-transitional.dtd">
<html xmlns="http://www.w3.org/1999/xhtml" xml:lang="en" lang="en">
 <head>
  <title>
</title>
<meta http-equiv="Content-Type" content="text/html;charset=utf-8" />
  <meta name='ocr-system' content='tesseract 3.04.00' />
  <meta name='ocr-capabilities' content='ocr_page ocr_carea ocr_par ocr_line ocrx_word'/>
</head>
<body>
  <div class='ocr_page' id='page_1' title='image "appendixadroger01parigoog_0181.png"; bbox 0 0 3334 5734; ppageno 0'>
   <div class='ocr_carea' id='block_1_1' title="bbox 217 786 1300 940">
    <p class='ocr_par' dir='ltr' id='par_1_1' title="bbox 217 786 1300 940">
     <span class='ocr_line' id='line_1_1' title="bbox 577 786 1300 852; baseline 0.028 -19"><span class='ocrx_word' id='word_1_1' title='bbox 577 786 775 838; x_wconf 81' lang='lat' dir='ltr'><strong>naeriouss</strong></span> <span class='ocrx_word' id='word_1_2' title='bbox 799 792 930 842; x_wconf 73' lang='lat' dir='ltr'><strong>viarm.</strong></span> <span class='ocrx_word' id='word_1_3' title='bbox 1238 787 1300 852; x_wconf 89' lang='grc'><strong>161</strong></span> 
     </span>
     <span class='ocr_line' id='line_1_2' title="bbox 217 899 349 940; baseline 0.038 -5"><span class='ocrx_word' id='word_1_4' title='bbox 217 899 274 937; x_wconf 74' lang='lat' dir='ltr'><strong>ato.</strong></span> <span class='ocrx_word' id='word_1_5' title='bbox 296 902 349 940; x_wconf 77' lang='lat' dir='ltr'><strong>uit.</strong></span> 
     </span>
    </p>
   </div>
   <div class='ocr_carea' id='block_1_2' title="bbox 208 964 1297 1268">
    <p class='ocr_par' dir='ltr' id='par_1_2' title="bbox 208 964 1297 1268">
     <span class='ocr_line' id='line_1_3' title="bbox 208 964 1297 1069; baseline 0.028 -43"><span class='ocrx_word' id='word_1_6' title='bbox 208 964 284 1041; x_wconf 90' lang='grc'><strong>226,</strong></span> <span class='ocrx_word' id='word_1_7' title='bbox 302 967 356 1042; x_wconf 91' lang='grc'><strong>13,</strong></span> <span class='ocrx_word' id='word_1_8' title='bbox 371 988 439 1032; x_wconf 70' lang='lat' dir='ltr'><strong>mm</strong></span> <span class='ocrx_word' id='word_1_9' title='bbox 452 992 484 1034; x_wconf 78' lang='lat' dir='ltr'><strong>oo</strong></span> <span class='ocrx_word' id='word_1_10' title='bbox 603 972 694 1037; x_wconf 68' lang='lat' dir='ltr'><strong>addit</strong></span> <span class='ocrx_word' id='word_1_11' title='bbox 705 973 829 1055; x_wconf 68' lang='lat' dir='ltr'><strong>Paris„</strong></span> <span class='ocrx_word' id='word_1_12' title='bbox 840 977 897 1043; x_wconf 86' lang='lat' dir='ltr'><strong>Ad</strong></span> <span class='ocrx_word' id='word_1_13' title='bbox 908 981 1032 1049; x_wconf 85' lang='lat' dir='ltr'><strong>festum</strong></span> <span class='ocrx_word' id='word_1_14' title='bbox 1043 1005 1178 1069; x_wconf 88' lang='lat' dir='ltr'><strong>quoque</strong></span> <span class='ocrx_word' id='word_1_15' title='bbox 1187 992 1297 1055; x_wconf 89' lang='lat' dir='ltr'><strong>sancti</strong></span> 
     </span>
     <span class='ocr_line' id='line_1_4' title="bbox 625 1071 1295 1153; baseline 0.028 -18"><span class='ocrx_word' id='word_1_16' title='bbox 625 1071 805 1140; x_wconf 77' lang='lat' dir='ltr'><strong>Michaelis</strong></span> <span class='ocrx_word' id='word_1_17' title='bbox 828 1088 982 1147; x_wconf 88' lang='lat' dir='ltr'><strong>amotum</strong></span> <span class='ocrx_word' id='word_1_18' title='bbox 1010 1093 1063 1150; x_wconf 87' lang='lat' dir='ltr'><strong>est</strong></span> <span class='ocrx_word' id='word_1_19' title='bbox 1087 1089 1295 1153; x_wconf 79' lang='lat' dir='ltr'><strong>scaccarium</strong></span> 
     </span>
     <span class='ocr_line' id='line_1_5' title="bbox 623 1171 1295 1268; baseline 0.028 -33"><span class='ocrx_word' id='word_1_20' title='bbox 623 1190 645 1235; x_wconf 84' lang='lat' dir='ltr'><strong>a</strong></span> <span class='ocrx_word' id='word_1_21' title='bbox 665 1171 974 1246; x_wconf 77' lang='lat' dir='ltr'><strong>westmonasterio</strong></span> <span class='ocrx_word' id='word_1_22' title='bbox 997 1204 1106 1268; x_wconf 89' lang='lat' dir='ltr'><strong>usque</strong></span> <span class='ocrx_word' id='word_1_23' title='bbox 1124 1186 1295 1254; x_wconf 89' lang='lat' dir='ltr'><strong>Norbam·</strong></span> 
     </span>
    </p>
   </div>
   <div class='ocr_carea' id='block_1_3' title="bbox 205 1278 1294 1886">
    <p class='ocr_par' dir='ltr' id='par_1_3' title="bbox 205 1278 1294 1886">
     <span class='ocr_line' id='line_1_6' title="bbox 623 1278 1294 1384; baseline 0.03 -50"><span class='ocrx_word' id='word_1_24' title='bbox 623 1278 684 1384; x_wconf 77' lang='lat' dir='ltr'><strong>tun</strong></span> <span class='ocrx_word' id='word_1_25' title='bbox 702 1292 764 1356; x_wconf 89' lang='lat' dir='ltr'><strong>per</strong></span> <span class='ocrx_word' id='word_1_26' title='bbox 785 1295 901 1359; x_wconf 81' lang='lat' dir='ltr'><strong>regem</strong></span> <span class='ocrx_word' id='word_1_27' title='bbox 918 1280 953 1344; x_wconf 94' lang='lat' dir='ltr'><strong>in</strong></span> <span class='ocrx_word' id='word_1_28' title='bbox 969 1283 1085 1363; x_wconf 55' lang='lat' dir='ltr'><strong>⁴odium</strong></span> <span class='ocrx_word' id='word_1_29' title='bbox 1103 1284 1294 1353; x_wconf 82' lang='lat' dir='ltr'><strong>Loudinen·</strong></span> 
     </span>
     <span class='ocr_line' id='line_1_7' title="bbox 621 1388 718 1436; baseline 0 -2"><span class='ocrx_word' id='word_1_30' title='bbox 621 1388 718 1436; x_wconf 81' lang='lat' dir='ltr'><strong>stum</strong></span> 
     </span>
     <span class='ocr_line' id='line_1_8' title="bbox 206 1483 1290 1585; baseline 0.022 -36"><span class='ocrx_word' id='word_1_31' title='bbox 206 1483 281 1563; x_wconf 89' lang='grc'><strong>227,</strong></span> <span class='ocrx_word' id='word_1_32' title='bbox 299 1489 349 1567; x_wconf 88' lang='grc'><strong>16,</strong></span> <span class='ocrx_word' id='word_1_33' title='bbox 364 1488 479 1553; x_wconf 71' lang='lat' dir='ltr'><strong>Eodem</strong></span> <span class='ocrx_word' id='word_1_34' title='bbox 599 1487 726 1555; x_wconf 88' lang='lat' dir='ltr'><strong>Eodem</strong></span> <span class='ocrx_word' id='word_1_35' title='bbox 736 1511 826 1560; x_wconf 89' lang='lat' dir='ltr'><strong>anno</strong></span> <span class='ocrx_word' id='word_1_36' title='bbox 839 1495 1012 1565; x_wconf 89' lang='lat' dir='ltr'><strong>Henricus</strong></span> <span class='ocrx_word' id='word_1_37' title='bbox 1023 1502 1092 1567; x_wconf 84' lang='lat' dir='ltr'><strong>dux</strong></span> <span class='ocrx_word' id='word_1_38' title='bbox 1105 1504 1290 1585; x_wconf 82' lang='lat' dir='ltr'><strong>Saxonum,</strong></span> 
     </span>
     <span class='ocr_line' id='line_1_9' title="bbox 371 1587 1289 1683; baseline 0.023 -31"><span class='ocrx_word' id='word_1_39' title='bbox 371 1609 452 1652; x_wconf 71' lang='lat' dir='ltr'><strong>abac</strong></span> <span class='ocrx_word' id='word_1_40' title='bbox 619 1587 724 1654; x_wconf 83' lang='lat' dir='ltr'><strong>frater</strong></span> <span class='ocrx_word' id='word_1_41' title='bbox 741 1593 888 1661; x_wconf 88' lang='lat' dir='ltr'><strong>Othonis</strong></span> <span class='ocrx_word' id='word_1_42' title='bbox 908 1599 1134 1683; x_wconf 86' lang='lat' dir='ltr'><strong>imperatoris,</strong></span> <span class='ocrx_word' id='word_1_43' title='bbox 1151 1607 1289 1671; x_wconf 85' lang='lat' dir='ltr'><strong>venitin</strong></span> 
     </span>
     <span class='ocr_line' id='line_1_10' title="bbox 619 1685 856 1775; baseline 0.03 -25"><span class='ocrx_word' id='word_1_44' title='bbox 619 1685 803 1775; x_wconf 81' lang='lat' dir='ltr'><strong>Angliam3</strong></span> <span class='ocrx_word' id='word_1_45' title='bbox 823 1696 856 1759; x_wconf 80' lang='lat' dir='ltr'><strong>O.</strong></span> 
     </span>
     <span class='ocr_line' id='line_1_11' title="bbox 205 1809 711 1886; baseline 0.01 -16"><span class='ocrx_word' id='word_1_46' title='bbox 205 1809 549 1886; x_wconf 59' lang='lat' dir='ltr'><strong>malesana...</strong></span> <span class='ocrx_word' id='word_1_47' title='bbox 597 1809 711 1877; x_wconf 68' lang='lat' dir='ltr'><strong>domm.</strong></span> 
     </span>
    </p>
   </div>
   <div class='ocr_carea' id='block_1_4' title="bbox 369 1930 527 2073">
    <p class='ocr_par' dir='ltr' id='par_1_4' title="bbox 369 1930 527 2073">
     <span class='ocr_line' id='line_1_12' title="bbox 369 1930 527 1976; baseline 0.025 -3"><span class='ocrx_word' id='word_1_48' title='bbox 369 1930 527 1976; x_wconf 64' lang='lat' dir='ltr'><strong>‹imma-</strong></span> 
     </span>
     <span class='ocr_line' id='line_1_13' title="bbox 369 2030 432 2073; baseline 0.032 -2"><span class='ocrx_word' id='word_1_49' title='bbox 369 2030 432 2073; x_wconf 73' lang='lat' dir='ltr'><strong>rom</strong></span> 
     </span>
    </p>
   </div>
   <div class='ocr_carea' id='block_1_5' title="bbox 204 2131 1288 2228">
    <p class='ocr_par' dir='ltr' id='par_1_5' title="bbox 204 2131 1288 2228">
     <span class='ocr_line' id='line_1_14' title="bbox 204 2131 1288 2228; baseline 0.018 -36"><span class='ocrx_word' id='word_1_50' title='bbox 204 2171 254 2182; x_wconf 93' lang='lat'>-</span> <span class='ocrx_word' id='word_1_51' title='bbox 298 2132 350 2210; x_wconf 90' lang='grc'><strong>20,</strong></span> <span class='ocrx_word' id='word_1_52' title='bbox 366 2131 494 2201; x_wconf 77' lang='lat' dir='ltr'><strong>absoluit</strong></span> <span class='ocrx_word' id='word_1_53' title='bbox 595 2132 687 2199; x_wconf 76' lang='lat' dir='ltr'><strong>addit</strong></span> <span class='ocrx_word' id='word_1_54' title='bbox 717 2134 841 2216; x_wconf 82' lang='lat' dir='ltr'><strong>Paris,</strong></span> <span class='ocrx_word' id='word_1_55' title='bbox 866 2139 913 2204; x_wconf 90' lang='lat' dir='ltr'><strong>Et</strong></span> <span class='ocrx_word' id='word_1_56' title='bbox 943 2141 1022 2207; x_wconf 92' lang='lat' dir='ltr'><strong>binc</strong></span> <span class='ocrx_word' id='word_1_57' title='bbox 1052 2144 1167 2210; x_wconf 90' lang='lat' dir='ltr'><strong>odium</strong></span> <span class='ocrx_word' id='word_1_58' title='bbox 1197 2149 1288 2228; x_wconf 79' lang='lat' dir='ltr'><strong>regis</strong></span> 
     </span>
    </p>
   </div>
   <div class='ocr_carea' id='block_1_6' title="bbox 616 2232 1287 2399">
    <p class='ocr_par' dir='ltr' id='par_1_6' title="bbox 616 2232 1287 2399">
     <span class='ocr_line' id='line_1_15' title="bbox 616 2232 1287 2311; baseline 0.024 -15"><span class='ocrx_word' id='word_1_59' title='bbox 616 2232 640 2296; x_wconf 85' lang='lat' dir='ltr'>J</span> <span class='ocrx_word' id='word_1_60' title='bbox 643 2233 787 2300; x_wconf 85' lang='lat' dir='ltr'><strong>ohannis</strong></span> <span class='ocrx_word' id='word_1_61' title='bbox 810 2246 846 2302; x_wconf 91' lang='lat' dir='ltr'><strong>et</strong></span> <span class='ocrx_word' id='word_1_62' title='bbox 864 2238 950 2304; x_wconf 91' lang='lat' dir='ltr'><strong>iram</strong></span> <span class='ocrx_word' id='word_1_63' title='bbox 976 2240 1157 2309; x_wconf 88' lang='lat' dir='ltr'><strong>efficaciter</strong></span> <span class='ocrx_word' id='word_1_64' title='bbox 1180 2247 1287 2311; x_wconf 86' lang='lat' dir='ltr'><strong>obdu·</strong></span> 
     </span>
     <span class='ocr_line' id='line_1_16' title="bbox 616 2334 716 2399; baseline 0.04 -4"><span class='ocrx_word' id='word_1_65' title='bbox 616 2334 716 2399; x_wconf 84' lang='lat' dir='ltr'><strong>ravit.</strong></span> 
     </span>
    </p>
   </div>
   <div class='ocr_carea' id='block_1_7' title="bbox 198 2450 1286 2545">
    <p class='ocr_par' dir='ltr' id='par_1_7' title="bbox 198 2450 1286 2545">
     <span class='ocr_line' id='line_1_17' title="bbox 198 2450 1286 2545; baseline 0.022 -33"><span class='ocrx_word' id='word_1_66' title='bbox 198 2489 248 2500; x_wconf 91' lang='lat'><em>-</em></span> <span class='ocrx_word' id='word_1_67' title='bbox 293 2452 344 2528; x_wconf 89' lang='grc'><strong>31,</strong></span> <span class='ocrx_word' id='word_1_68' title='bbox 358 2450 537 2522; x_wconf 59' lang='lat' dir='ltr'><strong>tutatum</strong></span> <span class='ocrx_word' id='word_1_69' title='bbox 594 2457 808 2525; x_wconf 84' lang='lat' dir='ltr'><strong>habitabant.</strong></span> <span class='ocrx_word' id='word_1_70' title='bbox 848 2461 1032 2545; x_wconf 80' lang='lat' dir='ltr'><strong>Hugonem</strong></span> <span class='ocrx_word' id='word_1_71' title='bbox 1047 2467 1089 2531; x_wconf 88' lang='lat' dir='ltr'><strong>de</strong></span> <span class='ocrx_word' id='word_1_72' title='bbox 1107 2467 1208 2533; x_wconf 85' lang='lat' dir='ltr'><strong>Lusci</strong></span> <span class='ocrx_word' id='word_1_73' title='bbox 1224 2489 1286 2535; x_wconf 84' lang='lat' dir='ltr'><strong>ex·</strong></span> 
     </span>
    </p>
   </div>
   <div class='ocr_carea' id='block_1_8' title="bbox 535 2558 1285 2842">
    <p class='ocr_par' dir='ltr' id='par_1_8' title="bbox 535 2558 1285 2842">
     <span class='ocr_line' id='line_1_18' title="bbox 615 2558 1285 2641; baseline 0.019 -20"><span class='ocrx_word' id='word_1_74' title='bbox 615 2558 716 2641; x_wconf 86' lang='lat' dir='ltr'><strong>pulit,</strong></span> <span class='ocrx_word' id='word_1_75' title='bbox 740 2567 776 2624; x_wconf 91' lang='lat' dir='ltr'><strong>et</strong></span> <span class='ocrx_word' id='word_1_76' title='bbox 798 2567 904 2626; x_wconf 88' lang='lat' dir='ltr'><strong>totam</strong></span> <span class='ocrx_word' id='word_1_77' title='bbox 926 2563 1115 2631; x_wconf 87' lang='lat' dir='ltr'><strong>Yberniam</strong></span> <span class='ocrx_word' id='word_1_78' title='bbox 1136 2567 1171 2631; x_wconf 90' lang='lat' dir='ltr'><strong>in</strong></span> <span class='ocrx_word' id='word_1_79' title='bbox 1189 2568 1285 2633; x_wconf 87' lang='lat' dir='ltr'><strong>dedi·</strong></span> 
     </span>
     <span class='ocr_line' id='line_1_19' title="bbox 614 2657 1284 2744; baseline 0.021 -24"><span class='ocrx_word' id='word_1_80' title='bbox 614 2657 741 2722; x_wconf 90' lang='lat' dir='ltr'><strong>tionem</strong></span> <span class='ocrx_word' id='word_1_81' title='bbox 773 2663 916 2744; x_wconf 84' lang='lat' dir='ltr'><strong>accepit.</strong></span> <span class='ocrx_word' id='word_1_82' title='bbox 963 2662 1006 2727; x_wconf 89' lang='lat' dir='ltr'><strong>In</strong></span> <span class='ocrx_word' id='word_1_83' title='bbox 1033 2666 1144 2730; x_wconf 89' lang='lat' dir='ltr'><strong>reditu</strong></span> <span class='ocrx_word' id='word_1_84' title='bbox 1170 2676 1284 2733; x_wconf 83' lang='lat' dir='ltr'><strong>tamen</strong></span> 
     </span>
     <span class='ocr_line' id='line_1_20' title="bbox 535 2740 1285 2842; baseline 0.02 -24"><span class='ocrx_word' id='word_1_85' title='bbox 535 2740 545 2775; x_wconf 69' lang='lat'><em>⁵</em></span> <span class='ocrx_word' id='word_1_86' title='bbox 613 2755 690 2821; x_wconf 91' lang='lat' dir='ltr'><strong>Deo</strong></span> <span class='ocrx_word' id='word_1_87' title='bbox 722 2758 879 2841; x_wconf 81' lang='lat' dir='ltr'><strong>ingratus</strong></span> <span class='ocrx_word' id='word_1_88' title='bbox 912 2763 1151 2842; x_wconf 80' lang='lat' dir='ltr'><strong>gravissimum</strong></span> <span class='ocrx_word' id='word_1_89' title='bbox 1184 2769 1285 2833; x_wconf 86' lang='lat' dir='ltr'><strong>talla-</strong></span> 
     </span>
    </p>
   </div>
   <div class='ocr_carea' id='block_1_9' title="bbox 610 2855 1283 3238">
    <p class='ocr_par' dir='ltr' id='par_1_9' title="bbox 610 2855 1283 3238">
     <span class='ocr_line' id='line_1_21' title="bbox 612 2855 1282 2943; baseline 0.019 -25"><span class='ocrx_word' id='word_1_90' title='bbox 612 2855 706 2937; x_wconf 81' lang='lat' dir='ltr'><strong>gium</strong></span> <span class='ocrx_word' id='word_1_91' title='bbox 733 2858 898 2941; x_wconf 86' lang='lat' dir='ltr'><strong>imposuit</strong></span> <span class='ocrx_word' id='word_1_92' title='bbox 918 2879 1023 2943; x_wconf 88' lang='lat' dir='ltr'><strong>super</strong></span> <span class='ocrx_word' id='word_1_93' title='bbox 1045 2882 1161 2929; x_wconf 87' lang='lat' dir='ltr'><strong>omues</strong></span> <span class='ocrx_word' id='word_1_94' title='bbox 1176 2866 1282 2931; x_wconf 85' lang='lat' dir='ltr'><strong>abba·</strong></span> 
     </span>
     <span class='ocr_line' id='line_1_22' title="bbox 613 2956 1282 3043; baseline 0.019 -26"><span class='ocrx_word' id='word_1_95' title='bbox 613 2956 681 3018; x_wconf 87' lang='lat' dir='ltr'><strong>tias</strong></span> <span class='ocrx_word' id='word_1_96' title='bbox 691 2963 727 3019; x_wconf 90' lang='lat' dir='ltr'><strong>et</strong></span> <span class='ocrx_word' id='word_1_97' title='bbox 741 2956 862 3020; x_wconf 90' lang='lat' dir='ltr'><strong>domus</strong></span> <span class='ocrx_word' id='word_1_98' title='bbox 877 2957 1111 3041; x_wconf 78' lang='lat' dir='ltr'><strong>religiosorum</strong></span> <span class='ocrx_word' id='word_1_99' title='bbox 1121 2963 1282 3043; x_wconf 79' lang='lat' dir='ltr'><strong>virorum,</strong></span> 
     </span>
     <span class='ocr_line' id='line_1_23' title="bbox 611 3055 1283 3128; baseline 0.019 -13"><span class='ocrx_word' id='word_1_100' title='bbox 611 3060 647 3116; x_wconf 90' lang='lat' dir='ltr'><strong>ct</strong></span> <span class='ocrx_word' id='word_1_101' title='bbox 671 3055 819 3120; x_wconf 78' lang='lat' dir='ltr'><strong>maxime</strong></span> <span class='ocrx_word' id='word_1_102' title='bbox 842 3055 1085 3125; x_wconf 76' lang='lat' dir='ltr'><strong>cistercienses</strong></span> <span class='ocrx_word' id='word_1_103' title='bbox 1106 3063 1283 3128; x_wconf 88' lang='lat' dir='ltr'><strong>immiseri-</strong></span> 
     </span>
     <span class='ocr_line' id='line_1_24' title="bbox 610 3152 1019 3238; baseline 0.024 -24"><span class='ocrx_word' id='word_1_104' title='bbox 610 3152 758 3217; x_wconf 88' lang='lat' dir='ltr'><strong>corditer</strong></span> <span class='ocrx_word' id='word_1_105' title='bbox 774 3158 963 3238; x_wconf 84' lang='lat' dir='ltr'><strong>oppressit;</strong></span> <span class='ocrx_word' id='word_1_106' title='bbox 984 3160 1019 3224; x_wconf 81' lang='lat'><strong>0.</strong></span> 
     </span>
    </p>
   </div>
   <div class='ocr_carea' id='block_1_10' title="bbox 191 3274 941 3472">
    <p class='ocr_par' dir='ltr' id='par_1_10' title="bbox 191 3274 941 3472">
     <span class='ocr_line' id='line_1_25' title="bbox 191 3274 796 3350; baseline 0.01 -14"><span class='ocrx_word' id='word_1_107' title='bbox 191 3311 243 3323; x_wconf 89' lang='lat'><em>-</em></span> <span class='ocrx_word' id='word_1_108' title='bbox 287 3274 340 3350; x_wconf 89' lang='grc'><strong>32,</strong></span> <span class='ocrx_word' id='word_1_109' title='bbox 353 3274 529 3341; x_wconf 59' lang='lat' dir='ltr'><strong>monitore</strong></span> <span class='ocrx_word' id='word_1_110' title='bbox 587 3283 796 3342; x_wconf 88' lang='lat' dir='ltr'><strong>construere.</strong></span> 
     </span>
     <span class='ocr_line' id='line_1_26' title="bbox 191 3391 941 3472; baseline 0.02 -18"><span class='ocrx_word' id='word_1_111' title='bbox 191 3394 267 3470; x_wconf 77' lang='lat'>234,</span> <span class='ocrx_word' id='word_1_112' title='bbox 285 3391 336 3472; x_wconf 88' lang='grc'><strong>17,</strong></span> <span class='ocrx_word' id='word_1_113' title='bbox 353 3415 475 3461; x_wconf 69' lang='lat' dir='ltr'><strong>amoram</strong></span> <span class='ocrx_word' id='word_1_114' title='bbox 588 3399 769 3465; x_wconf 86' lang='lat' dir='ltr'><strong>Matildem</strong></span> <span class='ocrx_word' id='word_1_115' title='bbox 786 3423 941 3468; x_wconf 80' lang='lat' dir='ltr'><strong>uxorem.</strong></span> 
     </span>
    </p>
   </div>
   <div class='ocr_carea' id='block_1_11' title="bbox 190 3519 1277 3810">
    <p class='ocr_par' dir='ltr' id='par_1_11' title="bbox 190 3519 1277 3810">
     <span class='ocr_line' id='line_1_27' title="bbox 190 3519 1277 3612; baseline 0.02 -33"><span class='ocrx_word' id='word_1_116' title='bbox 190 3557 242 3568; x_wconf 92' lang='lat'><em>-</em></span> <span class='ocrx_word' id='word_1_117' title='bbox 286 3519 340 3594; x_wconf 88' lang='grc'><strong>20,</strong></span> <span class='ocrx_word' id='word_1_118' title='bbox 355 3520 433 3605; x_wconf 59' lang='lat' dir='ltr'><strong>cerat</strong></span> <span class='ocrx_word' id='word_1_119' title='bbox 586 3523 678 3588; x_wconf 76' lang='lat' dir='ltr'><strong>addit</strong></span> <span class='ocrx_word' id='word_1_120' title='bbox 703 3523 826 3603; x_wconf 74' lang='lat' dir='ltr'><strong>Paris,</strong></span> <span class='ocrx_word' id='word_1_121' title='bbox 849 3547 871 3592; x_wconf 84' lang='lat' dir='ltr'><strong>a</strong></span> <span class='ocrx_word' id='word_1_122' title='bbox 897 3548 966 3612; x_wconf 89' lang='lat' dir='ltr'><strong>quo</strong></span> <span class='ocrx_word' id='word_1_123' title='bbox 981 3529 1069 3595; x_wconf 85' lang='lat' dir='ltr'><strong>clam</strong></span> <span class='ocrx_word' id='word_1_124' title='bbox 1093 3534 1277 3601; x_wconf 85' lang='lat' dir='ltr'><strong>evadentes</strong></span> 
     </span>
     <span class='ocr_line' id='line_1_28' title="bbox 608 3631 1277 3713; baseline 0.021 -27"><span class='ocrx_word' id='word_1_125' title='bbox 608 3631 643 3687; x_wconf 92' lang='lat' dir='ltr'><strong>et</strong></span> <span class='ocrx_word' id='word_1_126' title='bbox 671 3631 793 3706; x_wconf 85' lang='lat' dir='ltr'><strong>postea</strong></span> <span class='ocrx_word' id='word_1_127' title='bbox 818 3647 936 3692; x_wconf 86' lang='lat' dir='ltr'><strong>rursus</strong></span> <span class='ocrx_word' id='word_1_128' title='bbox 968 3631 1062 3713; x_wconf 88' lang='lat' dir='ltr'><strong>capti</strong></span> <span class='ocrx_word' id='word_1_129' title='bbox 1094 3633 1206 3698; x_wconf 84' lang='lat' dir='ltr'><strong>insula</strong></span> <span class='ocrx_word' id='word_1_130' title='bbox 1235 3637 1277 3700; x_wconf 90' lang='lat' dir='ltr'><strong>de</strong></span> 
     </span>
     <span class='ocr_line' id='line_1_29' title="bbox 607 3721 1112 3810; baseline 0.014 -25"><span class='ocrx_word' id='word_1_131' title='bbox 607 3721 704 3808; x_wconf 82' lang='lat' dir='ltr'><strong>Moy,</strong></span> <span class='ocrx_word' id='word_1_132' title='bbox 721 3725 794 3807; x_wconf 85' lang='lat' dir='ltr'><strong>regi</strong></span> <span class='ocrx_word' id='word_1_133' title='bbox 809 3735 892 3791; x_wconf 92' lang='lat' dir='ltr'><strong>sunt</strong></span> <span class='ocrx_word' id='word_1_134' title='bbox 905 3731 1112 3810; x_wconf 82' lang='lat' dir='ltr'><strong>praesentati.</strong></span> 
     </span>
    </p>
   </div>
   <div class='ocr_carea' id='block_1_12' title="bbox 186 3841 1277 4029">
    <p class='ocr_par' dir='ltr' id='par_1_12' title="bbox 186 3841 1277 4029">
     <span class='ocr_line' id='line_1_30' title="bbox 186 3841 1277 3938; baseline 0.017 -37"><span class='ocrx_word' id='word_1_135' title='bbox 186 3875 240 3887; x_wconf 91' lang='lat'><em>-</em></span> <span class='ocrx_word' id='word_1_136' title='bbox 283 3842 335 3918; x_wconf 87' lang='grc'><strong>22,</strong></span> <span class='ocrx_word' id='word_1_137' title='bbox 351 3841 509 3928; x_wconf 60' lang='lat' dir='ltr'><strong>dapum</strong></span> <span class='ocrx_word' id='word_1_138' title='bbox 583 3845 675 3909; x_wconf 78' lang='lat' dir='ltr'><strong>addit</strong></span> <span class='ocrx_word' id='word_1_139' title='bbox 687 3845 811 3926; x_wconf 74' lang='lat' dir='ltr'><strong>Paris„</strong></span> <span class='ocrx_word' id='word_1_140' title='bbox 821 3849 881 3931; x_wconf 89' lang='lat' dir='ltr'><strong>qui</strong></span> <span class='ocrx_word' id='word_1_141' title='bbox 891 3869 1021 3929; x_wconf 85' lang='lat' dir='ltr'><strong>omnes,</strong></span> <span class='ocrx_word' id='word_1_142' title='bbox 1032 3871 1113 3934; x_wconf 80' lang='lat' dir='ltr'><strong>rege</strong></span> <span class='ocrx_word' id='word_1_143' title='bbox 1121 3855 1277 3938; x_wconf 87' lang='lat' dir='ltr'><strong>jubente,</strong></span> 
     </span>
     <span class='ocr_line' id='line_1_31' title="bbox 604 3945 891 4029; baseline 0.017 -22"><span class='ocrx_word' id='word_1_144' title='bbox 604 3945 694 4010; x_wconf 85' lang='lat' dir='ltr'><strong>fame</strong></span> <span class='ocrx_word' id='word_1_145' title='bbox 708 3947 891 4029; x_wconf 88' lang='lat' dir='ltr'><strong>perierunt</strong></span> 
     </span>
    </p>
   </div>
   <div class='ocr_carea' id='block_1_13' title="bbox 186 4064 1278 4733">
    <p class='ocr_par' dir='ltr' id='par_1_13' title="bbox 186 4064 1278 4353">
     <span class='ocr_line' id='line_1_32' title="bbox 186 4064 1277 4158; baseline 0.014 -32"><span class='ocrx_word' id='word_1_146' title='bbox 186 4065 262 4140; x_wconf 81' lang='lat'><strong>235,</strong></span> <span class='ocrx_word' id='word_1_147' title='bbox 304 4064 534 4142; x_wconf 53' lang='lat' dir='ltr'><strong>&amp;Redeuntem-</strong></span> <span class='ocrx_word' id='word_1_148' title='bbox 582 4088 645 4133; x_wconf 90' lang='lat' dir='ltr'><strong>nec</strong></span> <span class='ocrx_word' id='word_1_149' title='bbox 660 4070 813 4151; x_wconf 88' lang='lat' dir='ltr'><strong>permisit</strong></span> <span class='ocrx_word' id='word_1_150' title='bbox 830 4071 927 4135; x_wconf 85' lang='lat' dir='ltr'><strong>albos</strong></span> <span class='ocrx_word' id='word_1_151' title='bbox 947 4072 1090 4137; x_wconf 84' lang='lat' dir='ltr'><strong>abbates</strong></span> <span class='ocrx_word' id='word_1_152' title='bbox 1115 4076 1191 4158; x_wconf 89' lang='lat' dir='ltr'><strong>ipso</strong></span> <span class='ocrx_word' id='word_1_153' title='bbox 1215 4095 1277 4141; x_wconf 89' lang='lat' dir='ltr'><strong>au·</strong></span> 
     </span>
     <span class='ocr_line' id='line_1_33' title="bbox 334 4169 1276 4254; baseline 0.013 -25"><span class='ocrx_word' id='word_1_154' title='bbox 334 4169 534 4252; x_wconf 58' lang='lat' dir='ltr'><strong>parasceue</strong></span> <span class='ocrx_word' id='word_1_155' title='bbox 605 4187 650 4231; x_wconf 91' lang='lat' dir='ltr'><strong>no</strong></span> <span class='ocrx_word' id='word_1_156' title='bbox 681 4188 832 4234; x_wconf 87' lang='lat' dir='ltr'><strong>annuum</strong></span> <span class='ocrx_word' id='word_1_157' title='bbox 863 4171 957 4235; x_wconf 84' lang='lat' dir='ltr'><strong>adire</strong></span> <span class='ocrx_word' id='word_1_158' title='bbox 993 4172 1193 4254; x_wconf 88' lang='lat' dir='ltr'><strong>capitulum,</strong></span> <span class='ocrx_word' id='word_1_159' title='bbox 1234 4196 1276 4241; x_wconf 88' lang='lat' dir='ltr'><strong>ne</strong></span> 
     </span>
     <span class='ocr_line' id='line_1_34' title="bbox 333 4266 1278 4353; baseline 0.012 -23"><span class='ocrx_word' id='word_1_160' title='bbox 333 4266 495 4349; x_wconf 75' lang='lat' dir='ltr'><strong>perierant</strong></span> <span class='ocrx_word' id='word_1_161' title='bbox 602 4268 689 4332; x_wconf 85' lang='lat' dir='ltr'><strong>forte</strong></span> <span class='ocrx_word' id='word_1_162' title='bbox 718 4287 836 4333; x_wconf 89' lang='lat' dir='ltr'><strong>eorum</strong></span> <span class='ocrx_word' id='word_1_163' title='bbox 865 4269 1005 4353; x_wconf 84' lang='lat' dir='ltr'><strong>querela</strong></span> <span class='ocrx_word' id='word_1_164' title='bbox 1035 4279 1146 4337; x_wconf 91' lang='lat' dir='ltr'><strong>totum</strong></span> <span class='ocrx_word' id='word_1_165' title='bbox 1179 4296 1278 4340; x_wconf 90' lang='lat' dir='ltr'><strong>mun-</strong></span> 
     </span>
    </p>

    <p class='ocr_par' dir='ltr' id='par_1_14' title="bbox 603 4367 1276 4460">
     <span class='ocr_line' id='line_1_35' title="bbox 603 4367 1276 4460; baseline 0.013 -29"><span class='ocrx_word' id='word_1_166' title='bbox 603 4367 682 4431; x_wconf 89' lang='lat' dir='ltr'><strong>dum</strong></span> <span class='ocrx_word' id='word_1_167' title='bbox 701 4367 736 4432; x_wconf 88' lang='lat' dir='ltr'><strong>in</strong></span> <span class='ocrx_word' id='word_1_168' title='bbox 753 4389 868 4450; x_wconf 81' lang='lat' dir='ltr'><strong>regem</strong></span> <span class='ocrx_word' id='word_1_169' title='bbox 881 4379 1122 4436; x_wconf 83' lang='lat' dir='ltr'><strong>commoveret.</strong></span> <span class='ocrx_word' id='word_1_170' title='bbox 1160 4373 1276 4460; x_wconf 90' lang='lat' dir='ltr'><strong>Hujus</strong></span> 
     </span>
    </p>

    <p class='ocr_par' dir='ltr' id='par_1_15' title="bbox 602 4468 1274 4555">
     <span class='ocr_line' id='line_1_36' title="bbox 602 4468 1274 4555; baseline 0.018 -27"><span class='ocrx_word' id='word_1_171' title='bbox 602 4469 651 4531; x_wconf 89' lang='lat' dir='ltr'><strong>rei</strong></span> <span class='ocrx_word' id='word_1_172' title='bbox 677 4468 863 4533; x_wconf 88' lang='lat' dir='ltr'><strong>consiliarii</strong></span> <span class='ocrx_word' id='word_1_173' title='bbox 889 4469 1028 4534; x_wconf 87' lang='lat' dir='ltr'><strong>fuerunt</strong></span> <span class='ocrx_word' id='word_1_174' title='bbox 1054 4472 1146 4555; x_wconf 85' lang='lat' dir='ltr'><strong>apud</strong></span> <span class='ocrx_word' id='word_1_175' title='bbox 1178 4494 1274 4540; x_wconf 88' lang='lat' dir='ltr'><strong>sanc-</strong></span> 
     </span>
    </p>

    <p class='ocr_par' dir='ltr' id='par_1_16' title="bbox 602 4567 1277 4733">
     <span class='ocr_line' id='line_1_37' title="bbox 602 4567 1277 4649; baseline 0.016 -21"><span class='ocrx_word' id='word_1_176' title='bbox 602 4573 672 4629; x_wconf 86' lang='lat' dir='ltr'><strong>tam</strong></span> <span class='ocrx_word' id='word_1_177' title='bbox 703 4567 880 4649; x_wconf 79' lang='lat' dir='ltr'><strong>Brigidam</strong></span> <span class='ocrx_word' id='word_1_178' title='bbox 908 4568 1161 4636; x_wconf 78' lang='lat' dir='ltr'><strong>londoniarum</strong></span> <span class='ocrx_word' id='word_1_179' title='bbox 1188 4574 1277 4639; x_wconf 90' lang='lat' dir='ltr'><strong>Wil-</strong></span> 
     </span>
     <span class='ocr_line' id='line_1_38' title="bbox 1101 4689 1127 4733; baseline 0 0"><span class='ocrx_word' id='word_1_180' title='bbox 1101 4689 1127 4733; x_wconf 81' lang='lat' dir='ltr'><strong>u</strong></span> 
     </span>
    </p>
   </div>
   <div class='ocr_carea' id='block_1_14' title="bbox 0 0 1672 5734">
    <p class='ocr_par' dir='ltr' id='par_1_17' title="bbox 0 0 1672 5734">
     <span class='ocr_line' id='line_1_39' title="bbox 0 0 1672 5734; baseline 0 4"><span class='ocrx_word' id='word_1_181' title='bbox 0 0 1672 5734; x_wconf 95' lang='lat' dir='ltr'><strong> </strong></span> 
     </span>
    </p>
   </div>
  </div>
 </body>
</html>
