3334 5734
400 709 443 776 10
764 743 962 796 nrorronns
988 749 1120 801 varra.

400 851 456 990 duic,
492 855 744 1006 §lltaoperme-
797 937 837 995 nt
854 950 957 1016 snper
975 937 1156 1003 exactione
1176 944 1353 1023 premissa
1370 957 1491 1029 posset

546 1019 625 1085 tione
652 1069 742 1089 ....
817 1050 895 1095 cum
914 1033 991 1098 aliis
1012 1036 1176 1117 conferre,
1192 1060 1273 1124 quo,
1290 1044 1409 1110 habita
1427 1047 1489 1111 de-

543 1120 722 1305 m
816 1129 1028 1212 liberatione,
1057 1136 1124 1220 ip&
1154 1141 1263 1222 possit
1292 1144 1486 1211 consultius

391 1743 442 1756 -
485 1713 537 1789 15,
552 1724 689 1799 epactam
787 1725 1001 1806 spectabant,
1017 1748 1103 1795 cum.

391 1867 442 1879 —
487 1835 537 1910 16,
555 1838 738 1906 concordant
784 1848 1052 1916 concordabant.

391 1991 442 2006 -
485 1959 537 2037 32,
557 1970 736 2045 protentos·-
785 1973 1045 2057 protomartyris
1061 1974 1198 2042 Albani.

558 2060 638 2144 tym'e

384 2422 438 2473 ⁴-
481 2427 532 2505 32,
549 2428 644 2496 Hunc
781 2434 1011 2520 Rodolphum.

387 2551 439 2627 20,
500 2551 531 2629 6,
556 2555 638 2619 emit
662 2557 731 2622 Ra·
780 2558 1009 2646 Ratisponam
1025 2566 1213 2632 contendit.

555 2653 708 2739 timonem

384 2805 436 2821 -
498 2778 529 2852 8,
546 2775 717 2846 damete
776 2778 945 2848 devastat.

383 2931 434 2944 -·
476 2899 610 2980 tostus
773 2903 866 2970 illins
882 2907 1034 2975 ditionis.

382 3054 432 3067 -
475 3023 527 3101 21,
544 3028 726 3112 utaprodi·
772 3030 963 3112 proditione
975 3035 1011 3098 in
1027 3055 1076 3100 se.

544 3123 623 3190 tione

379 3276 430 3289 —
473 3246 525 3321 25,
546 3245 594 3310 ito
619 3249 725 3315 vobio·
771 3249 863 3314 viros
878 3254 929 3317 ita
943 3254 1147 3322 vulneravit.

541 3345 691 3413 retiam

377 3500 429 3514 -
471 3468 523 3545 29,
551 3468 588 3532 in
609 3469 723 3536 Pente·
768 3470 823 3536 die
841 3471 1073 3545 Pentecostes.

540 3576 638 3634 aaron

378 3689 430 3766 21,
492 3692 523 3767 8,
549 3693 706 3778 meredi-
767 3695 954 3767 decertans.

510 3789 668 3869 'innoba'

376 3946 427 3961 -
471 3914 749 4000 24‚pcsitie..nboo
763 3923 999 4005 poenitannos
1015 3925 1166 3991 Domini.

375 4036 427 4111 22,
486 4039 518 4116 5,
532 4033 627 4104 aerae¹
764 4046 851 4128 agri.

407 4234 520 4305 Mena]
544 4241 586 4292 On
603 4242 647 4294 tbe
663 4244 741 4295 lower
759 4247 857 4310 margin
873 4248 902 4297 of
924 4251 1182 4303 wesmonasteriensi
1192 4254 1286 4304 ddcitnr
1297 4255 1451 4316 Domesdai3

370 4305 413 4357 tbe
431 4308 488 4360 Ms.
503 4311 567 4374 Reg.
579 4313 603 4362 is
620 4315 721 4364 written
734 4317 769 4377 by
787 4316 829 4366 tbe
846 4318 900 4367 ern
923 4325 949 4369 et
959 4321 1052 4371 dicitur
1064 4323 1110 4384 sio,
1125 4323 1193 4384 qaod
1211 4324 1275 4373 nulli
1291 4325 1374 4387 parcit
1386 4326 1453 4375 sicat

370 4375 448 4440 band,
467 4378 558 4431 ‘Nota
581 4382 649 4444 qnod
675 4388 735 4434 tunc
756 4384 839 4435 iactus
860 4393 900 4437 est
922 4404 969 4441 nee
979 4405 1085 4454 magnus
1096 4389 1266 4456 diesjndicii!

370 4461 476 4511 magnus
486 4449 559 4513 liber,
569 4452 614 4513 qui
628 4452 730 4505 babitus
743 4455 770 4504 in
780 4453 898 4507 tbeannro
