3334 5734
352 695 396 760 12
719 686 916 740 LBGTIONRB
941 684 1071 735 vultis.

353 835 411 873 PAO.
450 830 501 868 uu.

354 900 407 974 25,
468 895 498 969 1,
507 883 646 977 portanto
656 930 664 946 .
676 929 699 946 ..
747 874 939 961 periculosa
955 916 1006 936 ...
1020 868 1196 933 damnosa.

512 989 625 1054 domm

356 1154 406 1167 -
470 1117 502 1191 2,
521 1111 676 1178 obruerent
750 1103 944 1167 obruerunt.

356 1275 408 1289 -
472 1237 504 1311 6,
521 1232 575 1299 ubi
752 1224 834 1309 quia
847 1222 906 1287 ibi.

357 1398 409 1411 —
473 1355 503 1435 7,
519 1351 673 1420 monachu
753 1346 937 1414 monachos
953 1340 1114 1408 instituit.

521 1451 673 1520 imtitutis

360 1618 411 1631 -
474 1583 506 1657 9,
520 1574 675 1643 constituit
754 1570 844 1635 deest.

362 1741 413 1754 -
456 1699 508 1778 17,
517 1694 708 1786 primoum·
755 1688 1004 1778 primogenitus
1021 1683 1207 1750 Robertus.

524 1809 573 1864 tut

364 1963 415 1978 —
459 1927 512 2001 20,
526 1927 648 2006 sumpta
660 1965 668 1982 .
680 1964 710 1980 ..
757 1918 794 1981 in
810 1930 952 1979 uxorem
969 1908 1085 1983 ducta,
1106 1901 1197 1988 patri
1219 1897 1376 1965 affinibus
1393 1893 1452 1959 sd·

530 2020 658 2105 adjutus
778 2016 878 2100 jutus
891 2009 1019 2074 bellum
1034 2009 1198 2070 moveret.

503 2194 512 2225 ,
634 2188 665 2204 ..
682 2186 712 2202 ..
762 2156 868 2224 quare
883 2131 1118 2199 benedictione
1132 2135 1168 2192 et
1180 2123 1380 2191 haersditate
1394 2137 1453 2202 pa-

785 2246 883 2303 terna
913 2233 1053 2298 orbatus
1081 2230 1117 2292 in
1144 2223 1282 2307 Angliae
1310 2237 1454 2302 regnum

785 2342 866 2422 post
893 2340 1036 2396 mortem
1067 2325 1176 2411 patris
1202 2324 1257 2387 sui
1282 2339 1350 2385 non
1377 2335 1455 2381 suc·

788 2435 903 2509 cessit,
917 2431 1078 2495 ducatum
1098 2422 1321 2489 Normunniae
1341 2423 1456 2483 autem

788 2536 848 2600 vix
863 2530 1013 2596 retinuit.
1066 2525 1158 2590 Rex.

768 2664 889 2723 morte.

770 2781 880 2867 sylva.

665 2903 673 2918 ’
773 2900 968 2970 Beoceusis.

513 3081 523 3112 ,
771 3030 890 3096 ductent.

379 3293 431 3306 -
495 3252 653 3339 Equus..
691 3255 726 3312 ut
774 3249 890 3314 usus.

522 3349 728 3438 prediximus

383 3515 434 3529 -
496 3478 528 3553 9,
544 3494 608 3560 quae
778 3472 867 3555 duest.

384 3645 434 3658 -
476 3603 529 3677 10,
538 3597 654 3684 jurata
780 3595 1008 3677 desponsatae.

263 3781 273 3790 .
386 3762 436 3776 -
480 3725 531 3800 12,
546 3718 675 3806 respuit
780 3715 923 3800 respuit.

387 3885 438 3898 -
480 3881 524 3894 -
539 3840 704 3929 suminam
781 3839 939 3906 foeminus
955 3832 1104 3920 quidvis.

547 3939 631 4007 uiuit

390 4108 441 4123 -
484 4061 736 4232 utgtuutran-
787 4059 1044 4129 Hildebrandus
1060 4055 1197 4120 dicitur.

576 4186 613 4231 us

391 4330 443 4344 —
485 4292 537 4368 26,
546 4285 661 4376 paucis
676 4333 684 4348 .
701 4330 709 4347 .
729 4331 737 4346 .
787 4282 844 4349 cui
859 4288 939 4366 post
955 4296 1083 4363 paucos
1099 4276 1171 4340 dies
1187 4272 1357 4337 defuncto.

550 4387 690 4472 usuum
