3334 5734
603 785 800 834 nrcrrouns
817 786 955 835 raum.
1281 770 1324 833 87

283 976 393 1046 turus,
416 969 513 1034 Mars
535 970 637 1046 enim,
661 968 847 1034 secundum
869 978 999 1052 poetas,
1028 969 1113 1034 deus
1134 969 1213 1033 belli
1234 989 1321 1033 uun·

282 1075 449 1151 cupatur;
479 1069 551 1135 vita
576 1088 722 1151 namque
745 1069 839 1135 beati
860 1068 1015 1146 Thomas,
1035 1068 1221 1134 secuudum
1235 1069 1320 1133 illud

282 1165 305 1229 J
308 1166 365 1244 oh,
379 1174 389 1202 ‘
404 1168 489 1234 Vita
504 1168 651 1233 hominis
671 1168 795 1233 militia
816 1175 988 1251 estsuper
1003 1169 1151 1245 terram,'
1169 1177 1244 1234 tota
1256 1170 1322 1233 fuit

281 1274 403 1331 contra
418 1267 549 1333 hostem
564 1268 736 1332 bellicosa.
787 1267 917 1332 Passus
929 1287 1065 1351 quoque
1081 1268 1147 1333 luit
1157 1268 1211 1332 dic
1228 1267 1321 1331 Mar-

282 1365 338 1442 tis,
355 1375 392 1430 et
407 1368 596 1433 translatus
609 1368 665 1432 die
681 1366 831 1447 Martis;
858 1375 897 1432 ut
919 1366 999 1431 talis
1020 1367 1093 1432 dies
1118 1368 1149 1432 ei
1171 1367 1320 1450 gloriose

281 1462 478 1544 deserviret,
501 1467 612 1551 qualis
637 1466 713 1553 ejus
734 1466 887 1549 passioni
908 1473 1114 1533 tormentum
1135 1467 1318 1550 impendet.

281 1563 349 1628 Die
365 1564 491 1630 Martis
516 1566 677 1631 sederunt
700 1566 871 1649 principes
894 1565 986 1649 apud
1008 1566 1320 1650 Northamptonaru

280 1670 315 1727 et
344 1665 509 1730 adversum
535 1684 612 1730 eum
642 1665 879 1748 loquebantur.
928 1664 1039 1731 Actus
1062 1674 1116 1730 est
1140 1665 1242 1730 etiam
1266 1665 1321 1730 die

281 1762 405 1829 Martis
419 1764 455 1828 in
472 1764 624 1829 exilium.
675 1763 743 1829 Die
765 1764 890 1829 Martis
912 1766 1073 1848 apparuit
1092 1766 1126 1831 ei
1151 1765 1319 1830 Dominus

280 1864 371 1946 apud
400 1864 640 1929 Pontiniacum
665 1863 794 1942 diceus,
821 1864 985 1943 ‘Thema
1010 1863 1154 1943 Thomu,
1177 1865 1321 1930 molesia

279 1981 356 2026 mea
369 1963 615 2046 glorificabitur
629 1964 665 2027 in
677 1964 844 2046 sanguine
859 1964 943 2031 tuo!
986 1963 1054 2030 Die
1066 1965 1205 2047 insuper
1223 1963 1318 2028 Mar-

281 2062 325 2127 tis
342 2082 498 2127 reversus
520 2070 575 2128 est
598 2063 642 2127 ab
661 2062 777 2128 exilio.
828 2061 989 2149 Martyrii
1012 2082 1147 2147 quoque
1171 2063 1319 2148 palmam

279 2160 335 2225 die
348 2161 474 2226 Martis
490 2170 544 2228 est
564 2162 721 2244 adeptus.
773 2161 907 2227 Praeter
922 2163 1024 2227 etiam
1040 2162 1222 2227 humanam
1240 2182 1319 2245 pro·

279 2260 464 2326 ridentium
483 2262 618 2339 accidit,
645 2261 711 2327 Dei
736 2262 851 2342 gratia
872 2269 1087 2345 procurante,
1109 2263 1201 2345 quod
1227 2281 1318 2326 anno

276 2362 559 2444 quiuquagesimo
588 2361 757 2445 passionis
780 2361 900 2444 ipsius,
924 2362 982 2444 qui
1007 2362 1110 2426 etiam
1131 2380 1242 2426 annus
1265 2381 1318 2426 re·

277 2461 449 2525 missionis
474 2469 539 2538 est,
563 2480 673 2525 annus
690 2459 847 2525 videlicet
870 2459 1010 2524 Domini
1034 2461 1233 2524 millesimus
1255 2460 1318 2524 du·

276 2560 482 2624 centesimus
497 2561 692 2642 vigesimus,
708 2558 900 2624 venerabile
919 2578 1043 2644 corpus
1059 2560 1134 2645 ejus
1149 2559 1204 2624 die
1226 2560 1319 2624 Mar·

278 2660 323 2722 tis
342 2659 487 2742 gloriam
508 2659 740 2724 translationis
757 2658 920 2742 suscepit,
937 2666 972 2723 et
985 2660 1104 2724 eodem
1118 2659 1172 2723 die
1190 2660 1318 2724 Henri-

277 2777 353 2823 cum
370 2777 497 2841 regem,
511 2760 575 2823 sub
594 2778 663 2841 quo
684 2777 806 2840 passus
824 2765 890 2835 est,
914 2759 1011 2823 sinus
1027 2767 1127 2823 terra
1144 2760 1316 2842 suscepit3

275 2858 335 2921 sed
349 2858 423 2922 haec
438 2860 474 2921 in
491 2859 711 2941 sequentibus
728 2858 812 2923 locis
825 2859 898 2921 suis
913 2858 1187 2923 declarabuntur.

236 3006 293 3045 PAO.
315 3005 367 3044 ult.

227 3081 302 3161 337,
318 3086 370 3163 20,
385 3085 452 3150 Hoc
476 3085 592 3170 ipitius·¹
622 3083 711 3148 Haec
726 3084 827 3147 heato
840 3091 992 3166 martyre
1003 3082 1137 3148 Thomu
1153 3083 1318 3166 praediota

395 3186 564 3249 ...mentis
642 3183 816 3265 cogitante
831 3191 866 3247 ct
882 3182 1017 3247 arrham
1039 3183 1209 3265 passionis
1229 3202 1317 3265 prse-

642 3282 843 3365 accipiente,
858 3289 1041 3365 antequam
1055 3281 1166 3346 adhoc
1183 3291 1284 3350 esset.

226 3411 368 3489 340,16,
386 3430 407 3472 a
431 3416 460 3472 to
479 3407 573 3492 juro»
621 3406 682 3470 ahs
700 3414 734 3470 te
750 3412 974 3470 sacramento.

389 3516 485 3572 mento

225 3672 277 3681 —
322 3630 374 3712 27,
390 3632 428 3696 cle
443 3630 531 3716 eujus
620 3625 695 3691 The
713 3626 826 3712 Royal
849 3626 927 3693 MS.
953 3627 1055 3693 omits
1075 3626 1134 3691 the
1160 3626 1230 3705 life,
1251 3628 1314 3692 but

387 3733 454 3796 vito
641 3727 830 3806 continues,
857 3726 989 3811 ‘Cujus
1016 3728 1088 3792 vita
1112 3734 1147 3791 et
1170 3727 1313 3791 virtutes

641 3826 678 3890 in
693 3827 839 3891 cronicis
856 3826 892 3892 S.
907 3826 1032 3891 Albani
1049 3826 1282 3891 annotantur?

224 3958 299 4035 341,
336 3959 367 4031 1,
384 3952 455 4020 tila
619 3947 722 4013 lubet.

224 4125 275 4137 ..
340 4083 371 4157 4,
384 4077 571 4143 matreEod·
619 4081 728 4137 matre
740 4093 822 4139 vero
841 4073 1052 4138 Radwcuna.

387 4199 495 4242 wareo

222 4338 275 4349 -
340 4304 373 4375 5,
393 4297 533 4385 Wolepol
618 4292 813 4378 Walenpol.

223 4461 274 4471 —
320 4426 373 4499 ll,
390 4422 495 4486 orauit
618 4416 706 4482 deest.

225 4543 572 4622 matamoro
619 4541 736 4608 mama
