3334 5734
564 784 763 835 unurrouns
789 786 922 836 vaura.
1225 772 1290 840 18⁷

244 976 299 1034 est
313 969 382 1033 illis
395 969 432 1033 in
448 967 627 1047 auxilium,
643 968 725 1034 lioet
741 987 810 1033 non
821 968 974 1053 indigere
991 968 1187 1035 viderentur
1201 970 1290 1036 mili·

244 1071 296 1134 tia
320 1077 355 1133 et
380 1087 486 1132 manu
514 1067 664 1152 pedestri
692 1069 853 1133 ordinata
876 1077 912 1134 et
943 1070 1030 1134 bene
1058 1078 1215 1148 armata;
1242 1080 1290 1150 et,

244 1168 337 1234 facto
352 1170 482 1252 impetu
503 1167 756 1246 cruentissimo,
780 1168 977 1233 ceciderunt
993 1169 1092 1234 multi
1117 1170 1288 1253 utrinque.

246 1268 290 1332 ln
306 1287 375 1352 quo
389 1267 528 1332 tandem
544 1268 729 1332 certamine
751 1266 877 1331 Franci
901 1268 1070 1334 calculm
1086 1269 1288 1336 deteriorem

244 1373 484 1452 reportarunt3
507 1366 601 1450 capti
614 1373 698 1431 snut
709 1366 800 1430 enirn
816 1367 970 1433 universi
984 1367 1178 1447 nobiliores,
1193 1378 1288 1435 etex

244 1468 394 1532 catervis
415 1464 629 1549 pedestribus
650 1484 730 1551 pars
752 1467 905 1530 maxima
922 1475 976 1532 est
989 1467 1192 1548 interfecta3
1215 1470 1290 1553 qui-

244 1566 325 1631 dam
340 1565 494 1650 spiculis,
507 1564 647 1648 qnidam
662 1564 789 1631 lanceis
805 1565 977 1631 vulnerati
992 1567 1049 1631 vel
1063 1567 1199 1649 gladiis,
1215 1570 1289 1652 qui·

246 1667 326 1731 dam
359 1673 473 1732 autem
505 1665 639 1748 equinis
670 1665 813 1748 pedibus
855 1665 1058 1732 interierunt
1086 1668 1289 1735 conculcati.

200 1810 203 1813 Δ
247 1765 351 1851 Capti
381 1771 462 1830 sunt
484 1772 599 1831 autem
620 1765 657 1829 in
682 1765 743 1829 illo
767 1764 930 1830 conflictu
951 1784 973 1830 a
997 1764 1189 1832 Markadeo
1218 1770 1290 1851 epi·

247 1884 372 1948 scopus
388 1863 610 1930 Belracensis
636 1872 672 1930 et
692 1864 768 1948 ejus
787 1863 1059 1940 archidiaconus,
1081 1873 1118 1931 et
1138 1875 1290 1933 umatus

247 1964 470 2048 praesentavit
491 1983 550 2029 eos
574 1963 663 2029 idem
690 1958 903 2029 Markad'eus
927 1964 1055 2043 dicens,
1069 1969 1080 2000 ‘
1093 1964 1177 2051 Cepi
1194 1974 1230 2031 et
1245 1968 1288 2032 do

248 2065 323 2141 tibi,
341 2063 371 2127 Ο
389 2082 465 2142 rex,
483 2072 656 2129 cantorem
676 2071 713 2128 et
731 2081 992 2146 responsorem
1020 2083 1146 2147 repone
1172 2085 1231 2131 eos
1254 2074 1291 2132 et

247 2182 426 2241 conserva,
443 2163 474 2227 si
490 2162 579 2226 suis?
612 2163 783 2227 Dominus
799 2170 914 2227 autern
927 2182 1030 2247 papa,
1045 2165 1100 2229 cni
1113 2166 1291 2249 proposita

249 2262 316 2327 fuit
348 2280 453 2345 super
483 2260 557 2326 haec
586 2281 648 2344 per
673 2262 863 2345 capitulum
895 2263 1140 2329 Belracensem
1172 2266 1289 2347 gravis

249 2362 473 2445 querimonia,
504 2361 727 2426 amicabiliter
754 2362 893 2445 scripsit
916 2363 990 2446 regi
1022 2362 1196 2429 Richardo
1226 2385 1289 2449 pro

248 2462 400 2543 episcopi
421 2460 633 2538 liberatione,
650 2480 752 2544 quem
767 2462 804 2525 in
823 2462 970 2544 epistola
989 2481 1053 2527 sua
1076 2463 1289 2530 carissimum

249 2561 387 2626 vocarit
399 2559 551 2637 hahent,
568 2559 722 2624 etlilium
737 2579 837 2625 suum
852 2570 887 2626 et
901 2562 1067 2639 ecclesiae,
1088 2571 1129 2628 ut
1142 2562 1192 2627 sic
1208 2583 1289 2648 pro·

197 2704 200 2709 -
250 2659 344 2725 tinus
366 2658 521 2725 flecteret
540 2678 654 2741 regem
677 2659 721 2724 ad
740 2659 941 2743 parendum.
991 2660 1163 2745 Praecepit
1185 2663 1291 2746 igitur

250 2778 325 2837 rex,
350 2759 394 2824 ob
421 2759 645 2824 reverentiam
674 2778 788 2844 papae,
816 2768 856 2824 ut
878 2760 985 2825 lorica
1007 2760 1158 2843 episcopi
1184 2770 1291 2828 exuta

197 2912 201 2922 ,
250 2860 319 2941 ipsi
341 2878 441 2941 papae
459 2865 725 2941 prasentaretur
738 2866 774 2924 et
790 2859 972 2937 diceretur,
988 2859 1099 2924 ‘Vide
1114 2879 1159 2923 an
1173 2863 1290 2928 tunica

252 2958 379 3023 filiitui
394 2959 441 3023 sit
457 2977 501 3022 an
517 2958 622 3022 noni'
673 2957 738 3023 Cui
760 2977 865 3042 papa,
880 2958 984 3023 ‘Non
1009 2958 1100 3022 tilius
1121 2979 1218 3025 meus
1239 2970 1293 3027 est

251 3057 308 3122 vel
331 3057 506 3136 eoelesiae3
533 3057 577 3122 ad
600 3057 692 3139 regis
717 3064 832 3122 autern
858 3059 1070 3124 voluntatem
1096 3058 1293 3140 redimatur,

253 3157 335 3241 quia
350 3157 466 3240 potius
481 3156 608 3221 Martis
624 3174 726 3239 quarn
742 3155 871 3222 Christi
887 3157 984 3221 miles
993 3157 1191 3241 judicatur!
1229 3160 1291 3224 Se·

252 3275 368 3340 quana
397 3255 515 3322 eodem
545 3274 636 3320 anno
666 3261 774 3318 metas
805 3255 926 3320 solitas
953 3264 1169 3340 transgressa
1204 3259 1291 3325 adeo

253 3355 466 3420 Parisienses
481 3355 659 3431 exterruit,
670 3361 721 3449 ¹ut
736 3372 799 3418 rex
812 3353 978 3437 palatium
995 3357 1190 3441 relinquens
1213 3377 1292 3424 cum

251 3455 322 3520 filio
339 3455 525 3521 Ludowico
541 3453 632 3536 apud
646 3460 801 3518 sanctam
815 3452 1031 3520 Geuovesam
1048 3456 1291 3541 hospitaretur,

251 3563 288 3620 et
302 3555 483 3639 episcopus
498 3552 682 3619 Mauritius
698 3554 791 3637 apud
806 3563 963 3620 sanctum
980 3555 1168 3621 Victorem.

199 3696 257 3733 m.
291 3694 344 3733 hl!-

201 3760 258 3837 96,
297 3759 347 3833 13,
361 3756 548 3842 Hisitopae
597 3754 673 3819 The
694 3763 842 3821 account
867 3775 906 3821 as
926 3757 1029 3838 given
1055 3758 1102 3841 by
1123 3758 1173 3822 00.
1198 3758 1229 3822 is
1254 3777 1294 3823 as

334 3856 549 3921 tis..suuctam
618 3854 774 3921 follows:
801 3855 892 3920 ‘His
912 3856 962 3920 ita
979 3857 1098 3937 gestis,
1115 3857 1294 3922 lohannes

335 3956 484 4021 Victore»
619 3953 726 4020 irater
749 3956 854 4038 regis,
877 3955 1018 4039 cupiens
1045 3955 1170 4020 lamam
1196 3974 1294 4020 suam

621 4061 815 4119 restaurare
837 4061 874 4119 et
890 4053 1017 4119 domini
1036 4056 1127 4138 regis
1147 4055 1294 4138 gratiam

622 4172 795 4232 revocare,
803 4162 839 4219 et
849 4152 1079 4218 Marchadeus
1089 4155 1247 4237 princeps
1260 4162 1296 4220 et

622 4252 695 4317 dux
714 4253 943 4337 ruptariorum
964 4261 999 4318 et
1011 4254 1296 4318 incendiariorum

622 4352 659 4415 in
685 4353 840 4417 exercitu
858 4353 949 4435 regis
969 4351 1145 4432 Richardi,
1162 4355 1296 4436 equita·

622 4452 750 4517 tionem
761 4451 915 4517 iecerunt
929 4460 1009 4517 aute
1022 4454 1197 4518 civitatem
1215 4454 1296 4518 Bel·

623 4546 820 4633 va'censem3
841 4552 899 4616 ubi
910 4552 991 4618 dum
1000 4553 1151 4638 captioni
1168 4553 1295 4637 praedae
