3334 5734
488 795 490 798 ⁴
559 783 757 835 motiones
779 784 910 834 VARIAE-

191 908 247 945 Pio.
283 908 333 947 un.

191 973 243 1046 50,
281 973 334 1046 20,
348 967 557 1055 Qoiprotiam
589 968 731 1034 Deinde.

191 1135 242 1147 ..
282 1096 335 1169 22,
348 1092 472 1179 inpolit
587 1091 728 1158 dedidit.

193 1260 243 1272 -
284 1222 336 1296 23,
351 1217 537 1283 orationi...
588 1221 811 1287 orationibus.

355 1317 494 1382 inrisione
742 1323 746 1333 ‘

193 1479 244 1493 --
284 1442 339 1517 25,
351 1441 387 1505 in
400 1448 519 1504 tommo
589 1442 686 1507 adeo.

193 1602 244 1616 -
285 1566 337 1641 29,
353 1564 522 1628 memoret
588 1585 740 1650 praesens
755 1565 932 1632 imminere
946 1566 1134 1632 videbatur.

194 1725 245 1738 —
286 1688 338 1766 32,
353 1684 541 1752 od.‚.dodot
589 1692 741 1755 membra
756 1692 954 1775 reponebat.

197 1811 249 1886 51,
309 1812 340 1885 l,
354 1808 513 1995 olipgsoato
591 1820 670 1897 post
686 1814 832 1897 priorem
848 1814 1071 1898 Egelwinnm.

196 2073 247 2089 -
308 2032 542 2120 amodum·
592 2052 661 2117 quo
689 2032 800 2099 officio
823 2040 864 2099 ut
886 2035 943 2118 pie
971 2052 1049 2098 cnm
1076 2032 1177 2098 lande
1207 2052 1284 2119 per·

357 2131 535 2198 mutiooia
614 2133 821 2216 fungeretur,
838 2132 961 2219 prioris
978 2133 1072 2199 vitae.

196 2295 247 2309 -
303 2253 545 2340 zmoopliaor
590 2256 695 2323 variis
711 2256 820 2323 modia
836 2257 946 2323 auxit.

418 2354 510 2433 liovit

198 2516 246 2529 -
310 2376 543 2564 &CxM-n
595 2476 746 2541 unanimi
771 2495 952 2554 consensu,
978 2482 1049 2541 tarn
1076 2476 1158 2541 oleri
1182 2496 1286 2560 qnam

353 2586 507 2664 pastorem
617 2577 723 2640 totins
774 2576 896 2660 plebia,
942 2595 1022 2658 rege
1065 2576 1205 2659 insuper
1244 2584 1285 2642 ut

616 2694 717 2759 quem
746 2675 875 2741 veilent
905 2675 970 2739 eibi
1002 2674 1166 2757 eligerent
1197 2695 1285 2760 prae·

614 2774 724 2838 aulem
753 2782 788 2839 et
812 2775 1000 2839 animarum
1024 2781 1194 2858 pastorem
1223 2795 1285 2839 an·

615 2880 753 2951 nnente,
770 2874 806 2937 in
827 2874 1024 2958 episcopum
1046 2873 1197 2958 ejusdem
1218 2874 1285 2939 loci

616 2973 764 3054 eligitur.

200 3137 250 3151 -
295 3097 348 3175 17,
362 3121 431 3165 eam
593 3094 682 3163 dom.

200 3259 249 3271 -
293 3227 345 3301 18,
356 3224 548 3289 doooidrtioni
596 3220 784 3304 pericnlum
798 3220 918 3303 capitis
935 3221 1137 3286 anbitnrnm.

200 3484 252 3497 -
294 3449 347 3523 20,
362 3447 524 3512 amoenare
597 3458 853 3505 consensurum.

202 3608 253 3623 ..
293 3572 346 3647 21,
362 3571 441 3635 vim
459 3619 466 3634 .
485 3619 494 3636 ‚
511 3617 546 3636 ,.
599 3564 665 3649 piis
691 3566 775 3630 viria
800 3572 836 3629 et
863 3564 1061 3630 venerandis
1084 3564 1288 3648 hominibus,

357 3671 504 3756 potuim
619 3665 813 3747 frequenter
826 3665 891 3729 hac
911 3663 953 3729 de
972 3684 1078 3730 cansa
1097 3667 1289 3751 interpella·

620 3772 726 3843 retur,
747 3783 859 3849 neque
879 3764 923 3828 ad
944 3763 1009 3829 hoc
1029 3764 1143 3831 induci
1167 3768 1211 3831 ab
1235 3767 1289 3833 hie

617 3865 795 3948 potuisset.

203 4027 254 4041 -
295 3989 347 4065 26,
363 3988 538 4073 increpator
596 3987 830 4072 reprehensus.

203 4148 255 4163 -
296 4113 348 4188 34,
362 4131 519 4195 moneor
599 4132 723 4197 apapa
735 4131 921 4195 suspensus
937 4110 1111 4178 edivinia.

366 4232 388 4274 α
403 4258 413 4278 ·
427 4255 434 4272 ·
448 4232 552 4297 iiim

204 4375 255 4387 -
296 4335 347 4413 36,
365 4341 466 4397 maon
600 4336 781 4403 Wlstanna
795 4342 921 4401 tamem

207 4460 259 4536 52,
298 4458 553 4544 10,proaonpeie
601 4462 801 4547 proscripsit
815 4508 845 4526 ..
861 4508 870 4526 .
887 4459 1107 4545 mancipavit.

365 4567 551 4624 rannon-

367 4666 494 4743 “PM
