3334 5734
383 756 449 824 304
747 770 945 822 nacrrouas
968 771 1099 821 vsnrn.

381 957 537 1043 pecuniae
549 955 698 1034 exactio,
708 975 771 1022 nec
786 955 867 1020 sciri
882 962 1018 1039 poterat
1028 951 1065 1019 in
1080 972 1185 1039 quam
1197 952 1359 1038 abyssum
1373 957 1468 1018 tantu

382 1057 631 1142 pecuniaque
652 1076 714 1140 per
731 1056 874 1140 papales
897 1062 1135 1139 procuratores
1156 1053 1395 1136 colligebatur,
1418 1060 1469 1117 est

383 1157 549 1236 demersa,
562 1155 652 1240 quod
668 1155 820 1222 fidelium
837 1157 930 1221 circa
947 1155 1122 1237 negotium
1137 1154 1248 1218 crucis
1265 1153 1389 1237 tepuit,
1403 1152 1469 1217 imo

382 1258 497 1342 potius
523 1256 649 1321 caritas
672 1256 829 1338 refriguit
848 1254 1039 1338 generalis3
1063 1254 1151 1319 unde
1165 1253 1338 1335 negotium
1354 1252 1470 1317 Terra

381 1364 523 1432 sancta,
552 1374 727 1439 nunquam
758 1355 855 1433 felix,
880 1374 985 1438 super
1012 1354 1078 1420 boc
1109 1353 1261 1436 suscepit
1286 1353 1471 1417 incremen-

382 1462 466 1521 tum.
518 1455 694 1521 Praeterea
722 1456 875 1538 graviter
901 1454 1092 1519 laedebatur
1118 1452 1269 1519 omnium
1299 1451 1470 1517 conscien-

376 1556 444 1635 tia,
473 1563 509 1621 et
536 1555 573 1620 iu
598 1554 819 1620 meditatione
850 1554 1094 1619 exardescente
1121 1553 1355 1628 sauciabatur,
1382 1552 1471 1636 quod

382 1663 458 1722 tota
493 1654 555 1719 illa
592 1655 737 1740 pecunia
771 1653 1020 1738 impretiabilis,
1058 1671 1136 1737 quan
1173 1671 1218 1716 ex
1249 1650 1382 1716 decima
1413 1672 1473 1735 per

382 1755 586 1838 magistrum
615 1754 826 1838 Stephanum
850 1753 978 1819 domini
1003 1771 1103 1837 papae
1132 1751 1292 1818 clericum
1317 1751 1470 1816 cumula·

384 1854 486 1921 batur
508 1853 552 1918 ad
584 1853 827 1920 conterendum
857 1854 1108 1937 imperatorem,
1134 1852 1227 1917 facta
1258 1870 1356 1934 pace,
1382 1852 1470 1917 sicut

385 1953 502 2038 colligi
519 1959 633 2038 potest
654 1974 716 2038 per
736 1952 918 2037 epistolam
942 1972 1041 2036 papie
1057 1952 1337 2037 suprascriptam,
1352 1969 1416 2016 nec
1436 1952 1470 2017 in

385 2054 526 2119 minimo
540 2053 731 2138 quadrante
745 2061 799 2120 est
815 2051 988 2130 restituta,
1004 2071 1067 2117 nec
1091 2051 1134 2116 ad
1157 2050 1296 2134 aliquod
1319 2050 1470 2116 ecclesiae

386 2172 564 2219 commune
593 2155 769 2237 negotium
800 2153 856 2219 rel
883 2152 1046 2219 bonorem
1073 2151 1276 2231 distributa;
1311 2149 1381 2216 imo
1411 2170 1470 2216 nec

385 2252 466 2319 dum
488 2253 624 2338 penitus
646 2253 713 2319 fuit
730 2260 870 2318 extorta
884 2252 941 2317 vel
965 2251 1122 2328 collecta,
1148 2258 1184 2316 et
1205 2269 1285 2315 ecce
1305 2250 1419 2316 subita
1437 2259 1471 2316 et

343 2361 350 2368 ‘
384 2351 521 2418 occulta
537 2372 608 2436 pax
625 2359 678 2418 est
692 2352 898 2431 reformata3
921 2358 956 2416 et
969 2358 1091 2436 postea
1112 2350 1205 2415 facta
1227 2358 1281 2416 est
1296 2349 1470 2434 inquisitio

386 2452 514 2535 gravis,
530 2450 608 2535 quis
624 2450 725 2535 plene
741 2450 797 2517 rel
811 2450 947 2534 plenius
961 2450 1191 2534 persolvebat.

717 2584 806 2649 Mors
821 2582 940 2649 romb
955 2581 1151 2650 Marcoccllc‘.

440 2699 487 2767 Et
517 2700 598 2766 dum
627 2700 720 2765 circa
749 2699 824 2765 baec
854 2699 1077 2765 ecclesiastici
1104 2699 1170 2765 viri
1199 2698 1473 2781 sollicitarentur,

389 2819 505 2868 comes
542 2799 769 2866 Marescallus
802 2800 838 2864 in
876 2799 987 2865 tutela
1023 2798 1291 2865 Hibernensium
1322 2809 1473 2867 retentus

389 2901 426 2965 iu
452 2908 586 2968 tautum
620 2900 803 2983 respiravit
831 2898 907 2984 jam
936 2899 1028 2983 quod
1062 2898 1170 2983 loqui,
1203 2900 1263 2975 ire,
1299 2901 1474 2967 comedere

389 3000 511 3067 valuit.
562 2999 759 3083 Exigebant
780 2999 887 3082 igitur
912 2998 1028 3064 hostes
1049 2998 1125 3084 ejus
1144 2999 1188 3064 ab
1214 3019 1255 3064 eo
1279 3008 1396 3065 castra
1415 3022 1475 3066 sua

389 3108 425 3166 et
451 3109 561 3166 terras
586 3099 775 3176 Hiberniae,
802 3106 841 3164 ut
866 3098 916 3163 sic
942 3098 1064 3162 saltem
1089 3099 1162 3180 regi
1189 3100 1474 3179 reconciliaretur,

390 3200 450 3284 qui
476 3209 598 3266 contra
614 3219 728 3281 regem
749 3198 785 3263 iu
809 3197 929 3282 praelio
943 3198 1154 3281 cupiebatur,
1172 3217 1241 3283 qua
1254 3199 1356 3265 libuit
1369 3211 1474 3268 morte

390 3299 602 3384 puniendus3
628 3306 833 3382 ostensaque
863 3296 930 3364 fuit
960 3297 1080 3362 charta
1106 3298 1198 3381 regis
1230 3300 1262 3363 ei
1291 3319 1365 3365 suae
1395 3321 1475 3387 cap·

390 3399 493 3464 donis
508 3405 700 3484 praeceptae.
751 3396 855 3477 Quod
870 3416 946 3462 cum
964 3404 1138 3481 oporteret
1152 3397 1275 3478 facere,
1290 3401 1327 3463 in
1343 3408 1474 3467 tantum

390 3497 500 3563 doluit
513 3497 603 3583 quod
619 3517 688 3563 non
704 3497 839 3562 curavit
853 3496 895 3562 de
907 3498 979 3562 suis
995 3496 1192 3562 vulneribus
1205 3519 1215 3579 3
1238 3505 1273 3564 et
1289 3498 1475 3566 advocatus

391 3605 445 3663 eet
472 3597 684 3680 chirurgicus
708 3597 873 3681 proditor,
896 3596 956 3680 qui
982 3596 1072 3662 ferro
1100 3597 1211 3680 ignito
1236 3604 1371 3665 tantum
1391 3601 1476 3666 ussit

390 3715 467 3762 eum
484 3698 580 3761 utin
601 3704 799 3780 peracutam
820 3696 949 3762 febrem
969 3695 1103 3763 cecidit.
1155 3697 1265 3764 Facta
1276 3699 1385 3781 igitur
1399 3720 1475 3765 con-

391 3797 537 3863 sessione
550 3804 586 3862 et
600 3797 725 3863 viatico
742 3796 865 3862 salutis
887 3796 1127 3875 communitus,
1145 3805 1266 3863 tenens
1284 3818 1419 3865 crucem
1441 3808 1473 3864 et

392 3899 553 3976 adorans,
567 3897 724 3981 spiritum
744 3897 892 3963 reddidit
907 3897 1038 3962 decimo
1060 3904 1160 3962 sexto
1181 3897 1341 3963 calendoe
1365 3900 1473 3979 Maii3

392 4005 429 4063 et
441 3997 597 4082 sepultus
613 4005 667 4062 est
686 3997 722 4076 ip
742 3997 891 4062 oratorio
912 3996 1075 4062 Fratrum
1092 3996 1265 4062 Minorum
1285 4000 1378 4083 apud
1401 3999 1475 4064 Kil-

391 4095 507 4176 kenni,
534 4097 593 4161 ubi
615 4095 705 4162 idem
729 4096 940 4180 sepulturam
965 4095 1129 4179 elegerat,
1149 4097 1281 4163 militiae
1304 4098 1370 4164 flos
1395 4106 1476 4165 tem·

392 4215 513 4281 porum
530 4197 778 4262 modernorum.

652 4327 768 4395 mour
781 4329 905 4394 uuam
915 4328 1035 4415 predic
1050 4328 1222 4395 mccc.

444 4443 587 4511 Interim
616 4444 690 4511 haec
712 4444 911 4529 ignorantes
938 4445 1133 4512 Richardus
1164 4446 1283 4514 Sward
1308 4467 1388 4513 cum
1411 4448 1476 4513 suis

391 4545 613 4630 complicibus
635 4544 788 4612 aediliciis
809 4546 976 4630 regalium
996 4546 1046 4612 eis
1062 4546 1315 4613 adversantium
1330 4548 1476 4615 intende-
