3334 5734
565 792 765 843 uucrrouns
791 794 925 843 verim.
1224 776 1291 844 233

195 974 256 1058 qui
274 978 425 1042 castrum
438 973 652 1041 Bedeiordim
669 982 822 1059 tempore
846 994 980 1058 guerra
1002 974 1106 1040 mors
1125 972 1215 1042 inter
1235 996 1289 1042 rm

197 1094 275 1159 gem
295 1074 488 1142 iohannem
511 1081 549 1140 et
565 1075 711 1140 barones
736 1094 828 1152 suos,
852 1096 916 1160 pro
931 1073 1109 1141 voluntate
1137 1075 1289 1160 ejusdem

197 1177 289 1258 regis
303 1176 369 1240 sibi
391 1190 602 1253 concessum,
621 1175 657 1239 in
681 1174 853 1241 territorio
876 1174 1019 1240 alterius
1042 1175 1159 1253 sitnm,
1175 1175 1291 1241 firma-

198 1275 261 1353 vit,
284 1275 328 1340 de
348 1274 410 1343 tali
436 1275 626 1340 munitione
649 1281 685 1340 et
708 1274 839 1340 divitiis
862 1275 992 1339 suiset
1015 1274 1058 1339 de
1086 1275 1288 1359 quibusdam

201 1374 405 1440 consiliariis
434 1373 525 1457 regis
556 1374 622 1440 sibi
648 1374 890 1440 confoederatis
915 1374 1073 1453 conlisus,
1103 1381 1139 1439 et
1161 1373 1291 1441 iaciens

198 1472 361 1541 fulcimen
391 1474 434 1539 de
462 1473 595 1540 baculis
622 1474 831 1554 arundineis,
855 1483 964 1540 terras
991 1481 1027 1539 et
1054 1475 1288 1558 possessiones

197 1573 383 1640 liberorum
400 1573 574 1639 hominum
591 1594 731 1641 snorum
745 1582 782 1640 et
796 1575 985 1640 vicinorum
1005 1573 1134 1658 injuste
1158 1574 1290 1640 anferre

201 1693 270 1739 non
295 1673 512 1754 formidavit3
537 1676 708 1758 precipue
727 1673 873 1759 triginta
890 1674 977 1738 duos
996 1673 1122 1738 liberos
1136 1672 1289 1740 homines

199 1773 238 1837 in
260 1773 412 1840 manerio
434 1774 478 1838 de
500 1772 652 1839 Luituua
675 1774 749 1839 sine
767 1772 901 1857 jndicio
926 1772 969 1837 de
996 1773 1068 1837 suis
1088 1775 1292 1839 tenementis

197 1872 445 1952 dissaisinavit,
460 1879 496 1938 et
509 1872 678 1957 quasdam
695 1881 856 1957 pasturas
869 1890 1064 1937 communes
1082 1873 1148 1938 sibi
1168 1893 1293 1959 approae

200 1972 342 2056 priavit.
392 1972 504 2056 Super
526 1974 651 2057 quibus
673 1993 750 2038 cnm
766 1971 906 2055 querela
919 1972 963 2037 ad
980 1971 1154 2038 domiuum
1175 1993 1290 2057 regem

200 2073 428 2155 pervenisset,
445 2092 507 2137 rex
524 2072 715 2138 Henricum
730 2072 773 2136 de
794 2071 959 2137 Braibroc
973 2080 1008 2137 et
1024 2072 1190 2156 quosdam
1205 2073 1292 2139 alios

196 2171 409 2255 justitiarios
425 2173 630 2255 assignavit,
652 2191 768 2238 coram
783 2172 908 2256 quibus
925 2172 1022 2237 fieret
1036 2173 1227 2254 recognitio
1248 2172 1292 2238 de

200 2272 480 2354 conquerentium
501 2271 691 2337 dissaisina.
743 2271 826 2351 Qui,
845 2272 992 2355 receptis
1008 2271 1194 2337 secuudum
1211 2291 1290 2338 con·

202 2372 417 2436 suetudinem
433 2372 732 2454 recognitionibus,
750 2371 863 2437 dictus
882 2371 1072 2448 Falcasius,
1089 2372 1291 2438 tenementis

201 2470 303 2536 dictis
327 2469 484 2554 spoliatis
507 2469 717 2554 judicialiter
740 2471 923 2548 restitutis,
941 2471 977 2535 in
995 2470 1120 2535 damna
1133 2478 1170 2537 et
1177 2472 1292 2557 jactu·

200 2588 273 2636 ram
291 2589 406 2635 eorum
419 2569 555 2635 exstitit
569 2570 824 2635 condemnatus.
864 2568 966 2648 Quod
981 2591 1049 2635 non
1066 2589 1167 2657 aequo
1180 2570 1292 2637 ferens

202 2670 318 2735 animo
343 2670 534 2747 Falcasius,
557 2677 678 2735 eontm
698 2688 817 2752 pacem
839 2670 949 2752 regni,
969 2688 1074 2753 super
1098 2689 1136 2736 se
1154 2670 1291 2737 levatus

201 2769 330 2836 dictum
347 2768 536 2834 Henricum
552 2769 596 2834 de
610 2769 777 2833 Braibroc
794 2768 962 2833 violenter
974 2769 1064 2851 cepit
1080 2771 1161 2834 etin
1175 2778 1291 2837 castro

202 2888 266 2934 suo
296 2869 339 2934 de
369 2867 539 2934 Bedetord
563 2868 800 2933 incarceravit.
852 2865 932 2945 Quo
956 2867 1086 2944 audito,
1109 2888 1172 2934 rex
1200 2871 1291 2953 apud

203 2967 483 3034 Northantouam
511 2969 676 3046 existens,
702 2986 778 3032 cum
805 2965 1024 3049 magnatibus
1049 2966 1121 3031 suis
1149 2969 1192 3034 de
1210 2972 1292 3035 sub·

200 3069 363 3134 ventione
386 3068 554 3133 Pictaviee
576 3073 762 3132 tractatum
786 3065 927 3144 babens,
954 3072 1089 3131 mumto
1114 3070 1291 3152 proposito

203 3188 248 3233 ex
261 3187 344 3234 casu
358 3168 533 3245 incidenti,
547 3166 686 3232 divertit
700 3165 743 3231 ad
756 3172 907 3230 castrum
924 3165 1137 3232 Bedefordiee
1157 3176 1193 3233 et
1207 3169 1291 3233 illud

205 3267 381 3333 obsidione
394 3267 549 3345 vallavit,
565 3267 602 3332 in
623 3286 692 3351 quo
714 3265 827 3330 dietus
851 3265 1025 3330 Henricus
1043 3267 1223 3333 tenebatur
1238 3269 1292 3334 in·

201 3375 420 3448 carceratns3
445 3374 493 3446 et,
514 3365 608 3431 iacta
629 3366 720 3431 trina
742 3365 928 3431 monitione
949 3386 1011 3450 per
1028 3371 1099 3430 tres
1118 3366 1191 3432 dies
1211 3388 1294 3434 con·

204 3467 320 3532 tinum
349 3466 515 3532 militibus
539 3467 575 3531 in
600 3472 713 3530 castro
743 3456 970 3530 existentibus
995 3484 1099 3549 super
1120 3466 1315 3535 deditione·

201 3567 322 3645 castri,
354 3565 630 3649 archiepiscopus
656 3564 692 3630 S.
717 3564 975 3630 cantuariensis
998 3572 1033 3630 et
1060 3564 1119 3630 alii
1141 3568 1293 3653 episcopi

204 3666 251 3730 ibi
265 3666 463 3744 existentes,
479 3684 556 3730 eum
574 3665 755 3730 abbatibus
771 3673 807 3729 et
823 3664 901 3728 aliis
915 3663 1082 3747 praelatis,
1098 3664 1292 3733 Falcasium

203 3773 241 3830 et
254 3764 320 3830 sibi
337 3765 588 3830 consentientes
605 3764 1000 3842 excommunicaverunt,
1015 3763 1129 3847 ipsum
1143 3766 1294 3851 utlagari

203 3865 434 3930 decernentes.
474 3864 544 3929 Per
557 3863 733 3929 machinas
749 3864 856 3946 igitur
872 3869 908 3927 et
922 3863 1037 3928 varias
1052 3864 1293 3932 insultationes

203 3964 339 4046 regales
366 3964 494 4029 dictum
521 3970 671 4029 castrum
695 3969 984 4046 expugnaverunt
1000 3963 1155 4042 viriliter,
1171 3972 1206 4030 et
1221 3985 1293 4031 cor·

203 4073 348 4128 ruerunt
362 4063 471 4148 aliqui
484 4063 527 4128 de
550 4063 652 4145 regiis
674 4062 840 4128 militibus
861 4082 922 4145 per
944 4062 1078 4145 spicula
1101 4063 1294 4129 balistario-

205 4183 283 4229 rum
300 4165 535 4244 obsessorum3
557 4162 647 4227 inter
670 4182 757 4246 quos
775 4161 907 4227 Gitiard
922 4161 1051 4227 corruit
1071 4161 1201 4245 spiculo
1217 4183 1294 4247 per-

204 4282 340 4340 cussus,
353 4263 450 4326 miles
464 4262 749 4345 elegantissimus.
789 4261 944 4326 Tandem
955 4261 991 4325 in
1000 4261 1119 4344 vigilia
1128 4260 1296 4348 Assump-

205 4362 323 4439 tionis,
349 4381 426 4426 cnm
453 4361 588 4427 circiter
613 4381 676 4445 per
704 4380 826 4427 novem
854 4360 1063 4444 septimanas
1084 4361 1294 4427 obsidionem

203 4461 477 4540 continuassent,
504 4469 641 4544 captum
672 4470 725 4527 est
752 4469 915 4539 castrum,
948 4467 984 4525 et
1007 4479 1124 4526 omnes
1150 4461 1296 4527 ministri

207 4561 371 4640 Falsasii,
394 4562 454 4645 qui
479 4561 514 4625 in
537 4579 578 4625 eo
599 4560 728 4626 inventi
750 4567 844 4639 sunt,
860 4560 983 4645 quibus
999 4567 1147 4646 praeerat
1161 4560 1296 4628 Willel·
