3334 5734
576 786 776 839 nrorronus
797 782 932 839 vaura.
1253 768 1298 836 85

201 966 392 1052 prudenter
407 978 588 1056 superatus
605 971 671 1037 fuit
687 990 710 1036 a
726 968 803 1036 Deo
825 979 861 1036 et
877 969 1013 1036 homine
1030 966 1168 1034 Christo
1187 967 1294 1051 Jesu3

207 1076 247 1132 ut
264 1071 363 1152 quasi
384 1070 490 1136 frater
505 1072 549 1135 ab
570 1071 707 1136 homine
724 1079 907 1149 amaretur,
923 1077 959 1135 et
972 1070 1071 1153 quasi
1088 1068 1184 1133 Dens
1198 1069 1297 1133 time-

206 1175 314 1234 retur.
365 1169 536 1235 (laetorum
549 1171 780 1235 necessarium
797 1171 874 1248 fnit,
893 1169 1007 1235 utillo
1031 1168 1133 1242 idem,
1153 1168 1213 1251 qui
1232 1186 1295 1232 nos

204 1269 349 1345 creavit,
374 1276 410 1334 et
435 1289 498 1334 uos
522 1278 710 1350 recrearet3
736 1271 796 1354 qui
823 1289 886 1334 nos
912 1268 1003 1345 fecit,
1026 1266 1221 1332 redimendo
1243 1287 1296 1332 ra-

204 1366 322 1432 ficeret
347 1388 389 1433 ac
414 1369 564 1451 perditos
586 1377 781 1453 repararet3
803 1388 847 1433 ne
869 1388 973 1432 unum
995 1368 1107 1432 Deum
1130 1375 1295 1449 tanquam

205 1474 393 1532 creatorem
412 1469 641 1551 obligaremur
664 1469 818 1546 adorare,
839 1476 874 1534 et
890 1469 996 1532 alium
1014 1467 1121 1532 veluti
1141 1465 1296 1550 redemp-

206 1571 315 1630 torem
330 1568 484 1631 venerari
508 1575 710 1645 teneremur,
732 1570 832 1634 etita
852 1568 986 1632 duobus
1008 1565 1166 1631 Dominis
1185 1564 1296 1629 famu-

206 1663 281 1728 lari.
333 1666 378 1730 Et
396 1666 488 1749 quod
509 1667 631 1746 Filius,
653 1686 721 1731 non
744 1668 862 1745 Pater,
878 1686 947 1731 non
967 1665 1115 1749 Spiritus
1136 1664 1296 1743 Sanctus,

206 1763 452 1843 incarnaretur,
483 1785 622 1832 necesse
663 1766 728 1832 fuit
760 1775 796 1833 et
827 1767 1057 1844 conveniens3
1091 1765 1172 1847 quia
1206 1764 1296 1828 Filio

208 1864 389 1929 assimilari
412 1868 630 1949 praesumpsit
653 1867 766 1945 bomo,
787 1866 918 1930 scilicet
942 1864 1067 1939 Adam,
1085 1864 1242 1945 aspirans
1260 1870 1296 1928 et

206 1962 325 2028 volens
341 1965 428 2029 scire
444 1966 571 2030 bonum
587 1975 622 2030 et
639 1967 766 2031 malum
782 1974 821 2030 ut
840 1966 946 2030 Deus.
983 1963 1175 2028 Videbatur
1190 1963 1296 2044 igitur

210 2061 320 2127 Filius
337 2083 412 2127 esse
432 2065 468 2127 in
490 2083 605 2142 causa,
624 2067 714 2129 sicut
736 2065 902 2130 sanctitas
924 2062 1010 2129 Abel
1036 2062 1172 2127 invidiae
1196 2061 1295 2140 Cain,

206 2167 242 2225 et
271 2163 320 2226 sic
347 2164 466 2227 mortis
492 2165 610 2248 ipsius.
662 2164 763 2231 Dixit
790 2165 896 2246 igitur
922 2163 1029 2227 Filius
1056 2162 1154 2244 quasi
1180 2169 1297 2226 noster

206 2260 328 2339 Jonas,
351 2281 456 2346 quum
480 2264 541 2341 ait,
559 2264 658 2346 ‘Ego
684 2284 760 2328 sum
787 2265 846 2347 qui
874 2262 1025 2346 peceavi,
1053 2261 1210 2346 projicite
1240 2280 1294 2325 me

204 2360 239 2424 in
258 2359 372 2426 mare’
423 2362 504 2427 Non
526 2362 651 2428 sufficit
674 2364 764 2428 exile
780 2363 982 2427 sacrificium
1004 2370 1038 2425 et
1058 2361 1294 2425 holocaustum

204 2460 248 2523 ad
277 2461 365 2525 tanti
389 2462 539 2540 sceleris,
560 2463 650 2547 quod
681 2470 879 2546 patraverat
910 2461 1023 2539 homo,
1051 2460 1294 2542 expiationem.

204 2560 318 2624 ‘Eece
333 2562 445 2638 venio,
463 2581 528 2644 ego
544 2564 618 2646 ipse
633 2564 742 2640 venio,
760 2564 842 2646 quia
857 2563 892 2625 iu
910 2562 1022 2645 capite
1035 2560 1113 2623 libri
1129 2560 1293 2642 scriptum

203 2666 257 2723 est
270 2660 314 2723 de
330 2679 395 2737 me,
412 2669 450 2726 ut
465 2661 609 2726 facerem
626 2662 835 2727 voluntatem
853 2670 968 2738 tuam3
990 2679 1068 2724 ecce
1087 2658 1206 2723 adsum
1228 2660 1292 2722 im-

203 2759 405 2823 molandusss
455 2759 597 2839 Iterum,
619 2762 649 2825 si
673 2769 806 2827 tantum
830 2762 1017 2843 negotium,
1039 2758 1169 2824 scilicet
1184 2757 1293 2822 homi·

203 2859 257 2922 nis
282 2858 484 2942 redemptio,
508 2860 631 2942 angelo
653 2862 933 2936 committeretur,
954 2879 1022 2923 nou
1045 2864 1135 2922 esset
1154 2866 1291 2937 tutum3

202 2959 285 3040 quia
308 2959 343 3022 in
362 2958 521 3023 Lucifero
545 2961 704 3044 snperbia
726 2959 885 3043 angelum
907 2957 1053 3023 reddidit
1071 2956 1230 3021 infamem
1256 2965 1291 3024 et

198 3066 409 3140 suspectum.
473 3058 511 3123 Si
538 3058 676 3136 homini,
703 3079 771 3124 non
801 3059 891 3124 foret
920 3057 1075 3122 similiter
1105 3076 1288 3137 securum3

200 3158 440 3241 cumprimum
459 3158 641 3236 homiuem,
663 3159 794 3223 seilicet
814 3157 940 3234 Adam,
961 3155 1191 3222 inobedientia
1217 3155 1289 3220 cul·

195 3257 349 3338 pabilem
372 3259 493 3324 merito
516 3258 768 3323 condemnavit.
818 3257 973 3339 Angelus
989 3254 1206 3332 insufficiens,
1229 3255 1290 3319 ho·

201 3375 258 3420 mo
272 3356 443 3434 deficiens,
454 3377 544 3422 unus
555 3359 713 3435 imbellis,
722 3357 1004 3423 alterimbecillis.
1037 3353 1288 3420 convenienter

201 3456 307 3536 igitur
321 3465 537 3539 procuratum
559 3465 624 3535 est,
646 3467 685 3522 ut
699 3457 800 3522 homo
822 3458 991 3522 homiuem
1013 3455 1151 3539 adjutus
1177 3456 1285 3519 numi·

200 3555 254 3618 nis
276 3556 481 3622 adminiculo
503 3557 668 3621 adiaboli
690 3557 845 3622 faucibus
866 3556 1046 3632 liberaret;
1071 3573 1115 3619 ne
1138 3561 1207 3619 tam
1232 3573 1287 3618 ar-

200 3653 318 3733 duum,
343 3662 413 3720 tam
435 3657 548 3721 nobile
572 3658 806 3722 commercium
833 3655 1020 3733 vacillaret,
1042 3656 1145 3718 immo
1170 3654 1285 3737 potius

197 3753 465 3837 irrefragabilius
486 3756 587 3821 finem
610 3776 810 3842 prospemm
837 3756 1026 3832 sortiretur,
1050 3761 1085 3818 et
1113 3752 1196 3818 ordo
1221 3771 1283 3816 au·

200 3852 343 3934 gelicus,
366 3856 425 3938 qui
448 3875 509 3939 per
534 3856 668 3940 lapsum
691 3855 839 3920 Luciferi
864 3863 898 3920 et
920 3873 1058 3919 suornm
1082 3852 1282 3935 complicum

197 3952 310 4019 fuerat
325 3956 513 4035 mutilatus,
535 3956 694 4021 foeliciter
713 3963 971 4021 restauraretur.
1024 3952 1155 4033 Magna
1177 3952 1284 4034 igitur

196 4060 233 4116 et
264 4054 356 4118 omni
383 4054 485 4120 laude
511 4053 712 4138 dignissima
738 4055 804 4120 fuit
835 4061 945 4119 mater
975 4060 1009 4117 et
1036 4051 1134 4133 virgo
1168 4050 1282 4114 Maria

196 4153 405 4230 beatissima,
434 4174 511 4238 quae
539 4163 673 4220 tantum
702 4155 768 4219 Dei
797 4162 833 4219 et
856 4152 1002 4218 hominis
1028 4149 1153 4214 mundo
1176 4148 1282 4217 edidit

196 4253 430 4331 mediatorem,
447 4262 482 4318 et
494 4262 646 4319 nostrum
663 4274 782 4338 parere
797 4255 921 4318 meruit
936 4252 1152 4317 salvatorem.
1192 4247 1281 4327 Quae

193 4351 285 4415 inter
305 4372 434 4431 omues,
456 4373 543 4437 quas
563 4355 709 4419 mundus
731 4354 851 4418 babuit
872 4352 1043 4427 mulieres,
1058 4367 1121 4414 uec
1136 4349 1281 4433 primam

193 4466 257 4515 nec
289 4453 432 4518 similem
463 4455 585 4518 meruit
615 4473 678 4518 nec
703 4461 898 4537 sequentem
928 4450 1066 4517 habore.
1114 4447 1281 4532 Concepit

193 4570 314 4634 nempe
335 4552 409 4618 sine
428 4553 568 4638 pudore,
590 4554 723 4638 peperit
743 4554 817 4619 sine
838 4553 967 4630 dolore,
979 4558 1015 4617 et
1028 4550 1107 4615 hine
1119 4548 1281 4632 migrarit
