3334 5734
375 759 441 825 222
743 768 942 820 inermus
967 769 1098 819 vium

377 898 435 937 m.
474 898 527 937 uu.

376 964 429 1038 42,
487 963 519 1036 2,
535 958 655 1025 subisti
773 958 861 1023 deest.

378 1087 430 1160 43,
489 1085 519 1161 2,
536 1082 657 1148 verbum
671 1132 679 1147 .
692 1131 722 1148 ..
774 1102 892 1149 verum
908 1100 1045 1166 quoquo
1067 1089 1226 1146 esserunt
1244 1102 1324 1148 eum
1347 1081 1401 1146 ed
1423 1101 1491 1147 σω·

535 1183 713 1248 discredam
798 1183 870 1248 lum
885 1181 1092 1248 ascendisse.

378 1310 430 1385 44,
490 1310 521 1386 3,
537 1309 711 1393 confusions
774 1307 940 1391 periculo.

378 1470 428 1482 -
472 1429 685 1504 12,Hervaeus
776 1431 959 1497 Henricus.

378 1552 433 1629 46,
490 1554 523 1630 5,
539 1562 697 1619 meent
778 1555 1130 1635 O.inserts,‘Eodem
1142 1556 1415 1622 onnodedioeta
1431 1565 1488 1622 est

797 1656 943 1721 ecclesis
969 1664 1098 1720 sanotae
1124 1655 1246 1721 Meriae
1271 1656 1485 1737 wigornie,

799 1763 835 1821 et
851 1774 975 1838 corpus
990 1755 1130 1838 gloriosi
1144 1755 1299 1840 episcopi
1312 1755 1485 1835 Wistani,

799 1855 1026 1939 praesentibus
1048 1856 1219 1939 episcopis
1244 1863 1282 1920 et
1305 1858 1484 1939 magnati·

800 1956 875 2030 bus,
890 1974 976 2038 quos
988 1954 1200 2020 dinumerare
1216 1955 1361 2037 longum
1373 1964 1479 2034 esset,

801 2054 1006 2119 translatum
1026 2063 1079 2119 est
1105 2074 1174 2119 uno
1201 2062 1238 2119 et
1263 2055 1387 2119 eodem
1412 2056 1479 2134 die,

800 2154 946 2236 septimo
969 2152 1046 2217 idus
1065 2152 1088 2218 J
1091 2154 1174 2232 unii,
1196 2155 1299 2219 litera
1320 2155 1478 2221 Domini·

801 2253 868 2317 celi
886 2252 1118 2330 G.‚vide1icet
1135 2253 1190 2318 die
1203 2252 1227 2318 J
1230 2255 1306 2319 ovis
1321 2253 1359 2317 in
1373 2257 1479 2338 septi·

801 2351 1363 2437 manaPentecostes‚praesidente
1371 2355 1477 2419 eidem

803 2452 957 2517 ecclesiae
998 2451 1166 2518 Silvestro
1203 2454 1385 2538 episcopo,
1418 2455 1477 2519 ali-

802 2551 940 2635 quando
974 2552 1099 2636 priore,
1136 2553 1290 2637 ejusdem
1324 2553 1475 2619 ecclesie

802 2651 983 2727 monacho,
1014 2659 1049 2716 et
1073 2651 1192 2716 divisae
1216 2659 1299 2718 sunt
1325 2654 1476 2738 reliquie

802 2758 843 2816 ut
853 2752 962 2834 magis
972 2758 1111 2816 sanctus
1121 2752 1327 2817 venerabilis
1340 2753 1474 2818 habere

803 2858 871 2917 tur.
907 2850 1045 2917 Collete
1060 2860 1113 2916 est
1121 2851 1275 2916 eoclesiae
1285 2859 1387 2916 costa
1397 2873 1472 2929 una,

803 2969 907 3034 quam
938 2959 1133 3016 reverenter
1160 2971 1245 3016 euro
1270 2958 1307 3015 et
1335 2961 1475 3035 argento

803 3051 911 3115 abbas
937 3050 1090 3115 ecclesie
1113 3051 1226 3115 sancti
1246 3048 1376 3116 Albani
1394 3052 1475 3117 Wil-

803 3149 926 3214 lelmus
954 3150 1148 3214 collocavit.
1200 3149 1315 3215 Guelo
1337 3153 1476 3216 recessit

805 3249 850 3314 ab
869 3248 1009 3331 Aegiis,
1034 3249 1177 3314 tendens
1203 3249 1365 3327 Romam,
1389 3253 1477 3316 ciros

805 3348 930 3413 festum
947 3350 1059 3414 saneti
1076 3348 1237 3415 Andreae.
1274 3349 1477 3427 hadulfus,

806 3447 1039 3513 Norwicensis
1079 3449 1221 3528 electus,
1251 3451 1420 3515 successit
1447 3451 1477 3514 ei

804 3549 841 3612 in
856 3548 1075 3631 legationem.
1124 3548 1205 3614 Rex
1221 3548 1395 3615 Hem-icus
1410 3557 1478 3614 ter·

805 3649 875 3713 tius
894 3649 1068 3732 proprium
1089 3648 1240 3732 sigillum
1263 3650 1396 3732 regium
1420 3650 1479 3715 ob-

806 3748 933 3813 tinuit?

385 3918 436 3931 -
501 3876 531 3954 6,
548 3873 717 3962 apostolica
784 3871 901 3937 desum

385 4141 437 4152 —-
480 4104 531 4180 14,
546 4102 676 4188 oy'oodom
785 4098 904 4164 esunt.

551 4202 687 4268 sidentis

385 4370 437 4382 .-
480 4323 534 4402 17,
545 4336 616 4412 post
684 4346 733 4390 ro·
785 4329 821 4387 et
846 4320 993 4387 Londini
1018 4320 1109 4405 apud
1136 4320 1277 4387 Novum
1302 4321 1478 4406 Templum

550 4427 665 4491 messit
807 4421 993 4487 honorifice
1010 4421 1212 4499 tumuletur,
1223 4423 1367 4500 scilieet,
1383 4423 1418 4486 in
1431 4441 1479 4486 eo-

809 4521 926 4601 ciesie,
947 4521 984 4586 in
998 4520 1222 4587 Ascensionis
1241 4521 1307 4601 die,
1325 4521 1479 4587 videlicet
