3334 5734
403 788 469 854 118
769 804 965 857 monoans
988 809 1123 859 vaura.

402 927 462 967 PAO.
539 948 546 964 0

404 991 457 1067 60,
496 926 600 1066 {dec
612 990 707 1075 proci
800 1001 841 1059 ut
856 1014 900 1059 ex
917 996 1027 1078 gravi.

405 1154 455 1165 —
499 1110 552 1186 25,
567 1109 663 1174 xlm
801 1119 1029 1201 cognovisset.

408 1236 460 1311 61,
498 1235 550 1312 12,
559 1234 677 1320 sufflari
801 1242 915 1326 iugari
930 1263 972 1308 ac
985 1243 1115 1325 sugere.

406 1399 457 1411 -
501 1359 554 1432 19,
568 1355 695 1441 'losada
803 1365 960 1430 nefanda.

407 1481 460 1556 62,
520 1481 550 1556 lt
567 1488 595 1544 a
610 1480 700 1565 W
802 1494 919 1570 atque.

407 1643 458 1656 -
523 1604 554 1678 22
570 1602 739 1669 eudomiu-
803 1610 1028 1675 excitatoriis.

572 1722 631 1766 nu

407 1867 458 1880 -
523 1827 556 1903 3,
570 1847 624 1891 nec
801 1829 953 1913 sineque.

408 1989 459 2003 -
524 1949 557 2025 6,
571 1948 711 2114 m
802 1953 924 2019 lancea
936 1953 1122 2019 confracta.

408 2212 459 2226 -
493 2173 545 2251 18,
557 2172 758 2259 repellebatur
802 2171 1005 2257 pellebatur.
1101 2178 1107 2188 '

410 2296 464 2372 63,
497 2295 757 2376 launacum
805 2295 946 2363 Interea
975 2296 1156 2363 nuntiatur
1182 2297 1363 2376 exercitui,
1397 2316 1493 2382 quem

573 2396 674 2462 tiator
690 2445 699 2464 .
717 2443 755 2463 ..
827 2398 918 2480 apud
947 2397 1071 2463 Acbon
1097 2417 1161 2462 rex
1192 2397 1380 2476 dimiserat,
1407 2397 1495 2481 apud

575 2496 640 2560 ‘od
652 2497 757 2561 elaea·
827 2495 943 2581 Jopen
962 2516 1078 2581 regem
1101 2498 1146 2561 ab
1173 2497 1328 2562 hostibus
1357 2498 1496 2562 circnm-

573 2590 621 2659 la’
640 2616 758 2661 auam
827 2605 975 2680 septum,
992 2597 1197 2681 quantocius
1206 2596 1421 2679 capiendum,
1432 2596 1496 2659 nisi

566 2704 668 2779 potor
827 2697 972 2761 celerius
988 2697 1020 2761 ei
1035 2696 1269 2761 subveniatur.
1321 2695 1497 2761 Convene-

826 2801 909 2860 runt
921 2796 1029 2880 igitur
1044 2795 1271 2861 strenuissimi
1287 2795 1331 2859 ad
1348 2814 1496 2879 unguem

826 2897 962 2974 armati,
985 2895 1046 2960 sed
1070 2914 1148 2959 cum
1170 2894 1214 2959 ad
1241 2895 1354 2960 locum
1379 2914 1498 2978 perve-

825 2996 958 3060 nissent
995 2994 1204 3073 certaminis,
1244 3001 1280 3059 et
1320 2994 1496 3060 audissent

826 3094 919 3177 quod
944 3114 1007 3159 rex
1037 3114 1114 3159 cum
1140 3102 1211 3159 tam
1236 3093 1356 3178 paucis
1383 3093 1425 3158 de
1446 3100 1496 3158 tot

825 3193 976 3258 millibus
999 3193 1149 3259 hostium
1171 3201 1243 3258 tam
1266 3190 1417 3277 gloriose
1436 3193 1496 3257 tri-

824 3291 1036 3376 umphasset,
1059 3293 1171 3358 Deum
1196 3294 1326 3377 pariter
1348 3299 1385 3357 et
1407 3311 1497 3358 com-

824 3393 973 3458 muniter
986 3392 1214 3458 laudaverunt
1222 3411 1320 3477 aeque
1335 3392 1371 3456 in
1382 3391 1499 3475 paucis

825 3498 861 3556 et
882 3492 918 3556 in
941 3492 1059 3557 multis
1080 3491 1298 3557 dimicantem
1323 3497 1361 3555 et
1380 3491 1499 3555 triurn-

824 3590 998 3674 phantem.
1024 3590 1112 3657 Cum
1128 3599 1243 3657 autem
1256 3590 1330 3656 hee
1346 3590 1499 3655 audisset

824 3689 1062 3768 Salahadinus,
1083 3692 1149 3756 etsi
1171 3691 1301 3757 invitus
1323 3688 1497 3755 Christum

824 3789 1010 3855 Dominum
1036 3810 1078 3854 ac
1097 3791 1209 3855 Deum
1225 3789 1497 3856 Christianorum

824 3888 1053 3970 glorificavit3
1079 3890 1271 3975 adJnngens
1293 3887 1387 3973 quod
1409 3888 1497 3953 inter

824 4008 942 4053 omncs
955 3989 1072 4054 mundi
1086 3991 1257 4073 principes
1277 3989 1497 4070 dignissimus

824 4088 1050 4153 admiratione
1069 4088 1136 4154 fuit
1161 4108 1224 4154 rex
1246 4088 1442 4154 Richardns
1469 4088 1497 4151 si

823 4206 893 4251 non
919 4189 973 4252 sui
1003 4195 1074 4253 tam
1103 4187 1268 4271 prodigus
1294 4187 1498 4263 exstitisset,

823 4305 892 4352 uon
903 4289 1005 4364 enim,
1017 4295 1057 4353 ut
1067 4289 1254 4366 asserebat,
1271 4306 1386 4370 regem
1401 4286 1498 4350 decet

822 4386 916 4451 omni
950 4387 1091 4471 ancipiti
1128 4386 1280 4471 periculo
1314 4406 1353 4451 se
1389 4404 1496 4467 expo·
1531 4389 1534 4394 ’

823 4506 921 4565 nere;
948 4486 1006 4550 sed
1023 4487 1053 4551 si
1068 4487 1193 4570 aliquis
1209 4507 1272 4551 rex
1291 4484 1496 4568 magnificus

823 4585 910 4649 tales
937 4585 1029 4650 mille
1064 4586 1204 4652 baberet
1234 4586 1495 4661 commilitones,
