3334 5734
421 752 486 818 20⁴
788 757 985 809 nucuroauo
1009 760 1139 809 vaura.

423 892 497 1032 3²33,
513 892 567 1030 ²¹3}
583 951 771 1019 marm
815 944 908 1010 arae
934 945 1058 1023 raas,
1083 951 1119 1009 et
1138 952 1259 1029 postea
1284 944 1320 1008 n
1344 944 1446 1021 brevi,
1468 944 1501 1008 a

839 1051 894 1110 eat
919 1045 1051 1110 decimo
1074 1052 1198 1110 octavo
1223 1043 1386 1109 kalendas
1411 1043 1502 1121 iulii,

840 1165 880 1211 ae
905 1144 949 1208 ad
980 1144 1143 1209 ulteriora
1173 1152 1273 1210 terrae
1305 1143 1504 1208 masuram

840 1252 948 1309 totam
976 1244 1271 1327 circumjacentem
1301 1242 1503 1326 provinciam

840 1344 914 1408 sine
939 1342 1139 1409 difficultate
1160 1344 1225 1408 eibi
1249 1342 1411 1407 continuo
1432 1342 1506 1406 aub-

836 1443 985 1527 jugavit.

426 1574 499 1654 371,
540 1579 569 1655 1,
585 1574 705 1641 carullo
816 1567 959 1632 castello
976 1567 1127 1632 civitatis
1144 1573 1179 1632 et
1193 1572 1308 1631 castro
1323 1564 1483 1648 episcopi.

424 1743 474 1755 ..
540 1704 570 1776 5,
587 1721 617 1765 re
641 1700 738 1785 coasc-
819 1692 970 1756 veniens.

591 1821 660 1864 rm

426 1964 476 1977 -
519 1925 570 2000 14,
580 1923 615 1986 io
623 1920 773 1987 obsidione
820 1914 1024 2000 quindecim.

589 2030 652 2086 octo

428 2143 503 2228 372,
518 2149 572 2222 35,
586 2165 702 2231 mm
715 2144 773 2209 ia.
819 2153 939 2199 secura
956 2135 1045 2199 enim
1058 2154 1191 2218 semper
1204 2134 1399 2202 habuimus.

591 2242 710 2308 baimam

587 2364 670 2429 ῬΜ

427 2466 763 2547 374‚10‚Ankmm
819 2458 911 2523 addi
937 2458 1060 2534 Paria„
1093 2458 1210 2544 Hujus
1241 2467 1358 2525 autem
1387 2464 1512 2545 negotii

842 2560 971 2623 veritae
998 2559 1078 2623 talia
1099 2565 1172 2624 eet:
1200 2557 1338 2625 Revera
1359 2581 1430 2626 non
1451 2563 1512 2628 fuit

843 2676 906 2723 rex
922 2656 945 2723 J
948 2657 1098 2723 ohannes
1117 2658 1212 2742 juata
1228 2658 1284 2723 vol
1303 2661 1372 2725 rite
1387 2661 1513 2747 abjudi·
1648 2654 1649 2657 ’

843 2765 943 2822 catus
958 2776 980 2821 a
996 2755 1227 2837 Normannia3
1249 2760 1332 2841 quia
1349 2760 1442 2826 idem
1455 2782 1513 2826 rex

846 2875 914 2922 non
925 2855 1203 2941 judicialitersed
1213 2858 1383 2924 violenter
1393 2862 1514 2944 spolia-

845 2963 902 3020 tus
921 2956 1015 3020 misit
1027 2963 1166 3039 propter
1178 2957 1430 3024 restitutionem
1445 2962 1513 3043 regi

847 3055 1058 3120 Francorum
1072 3054 1232 3139 Philippo
1246 3059 1387 3123 nuntios
1399 3059 1514 3125 solem-
1648 3108 1649 3127 r

845 3174 906 3219 nea
928 3161 964 3218 et
981 3154 1175 3237 prudentes,
1193 3156 1365 3235 videlicet,
1394 3159 1514 3225 Eusta-

846 3254 971 3331 chium,
980 3255 1178 3337 episcopum
1187 3254 1383 3339 Elycnsom,
1392 3266 1428 3323 ct
1439 3260 1513 3324 Hu-

845 3355 979 3418 bertum
994 3352 1037 3417 de
1058 3353 1189 3437 Burgo,
1206 3356 1298 3431 viros
1318 3356 1466 3423 disertos
1483 3369 1517 3425 ct

846 3451 1023 3530 secundos,
1037 3453 1235 3534 significans
1248 3453 1281 3519 ei
1297 3457 1391 3539 quod
1412 3459 1517 3524 libau-

847 3561 900 3617 ter
914 3552 1048 3616 veniret
1063 3552 1107 3618 ad
1123 3553 1251 3618 curiam
1265 3574 1362 3620 auam
1372 3556 1446 3641 juri
1459 3578 1518 3641 per

848 3651 963 3716 omnia
982 3669 1085 3735 super
1100 3652 1162 3716 illa
1180 3653 1392 3737 rapariturua
1412 3677 1454 3721 ac
1469 3678 1518 3722 re-

848 3769 1049 3833 sponsurus,
1076 3751 1136 3816 sed
1166 3759 1206 3816 ut
1228 3755 1465 3835 provideretur
1487 3758 1518 3822 ei

848 3850 966 3915 salvus
979 3852 1179 3916 conductus.
1214 3851 1261 3917 Et
1271 3855 1447 3938 respondit
1458 3877 1517 3921 rex

850 3948 1043 4032 Philippus,
1058 3951 1117 4015 sed
1134 3970 1203 4016 uon
1213 3971 1335 4017 sereno
1351 3955 1451 4020 vnltu
1465 3957 1517 4021 vei

849 4048 964 4125 corde,
981 4048 1173 4115 ‘Libenter
1225 4050 1270 4115 In
1291 4072 1377 4137 pace
1404 4055 1517 4120 calvus

849 4147 989 4212 veniat!
1032 4149 1078 4214 Et
1088 4150 1300 4234 epiecopus,‘
1314 4152 1471 4233 Domine,
1484 4163 1519 4220 et

850 4247 1004 4312 redeatt'
1047 4248 1094 4312 Et
1104 4248 1269 4326 rex,‘lta
1281 4252 1339 4330 sit,
1349 4253 1379 4317 si
1389 4255 1518 4337 parium

851 4365 991 4410 auorum
1021 4347 1188 4431 judicium
1220 4349 1285 4414 hoc
1321 4354 1518 4435 permittat!

852 4446 990 4510 Etcum
1008 4448 1257 4531 supplicassent
1274 4470 1393 4517 omnes
1414 4454 1522 4518 nuntii
