3334 5734
572 806 771 858 nnorrorcss
797 807 930 858 vsnra.
1230 789 1296 856 267

253 991 314 1057 liat
342 989 562 1056 exactoribus
592 1007 767 1072 nunquam
795 988 1007 1055 fructuosal'
1058 987 1161 1068 Quod
1188 989 1294 1075 juxta

253 1098 337 1157 vota
351 1090 471 1175 populi
487 1088 624 1167 accidit,
640 1088 723 1173 quia

413 1238 422 1268 ⁶
433 1229 499 1289 Non
512 1229 611 1289 habet¹
626 1239 743 1289 eventus
757 1228 870 1289 sordida
881 1228 976 1309 prada
987 1226 1094 1288 bonoa'

257 1366 312 1432 Ex
329 1385 370 1431 eo
386 1374 501 1431 antem
521 1373 674 1448 tempore
699 1385 768 1431 non
793 1365 975 1431 defuerunt
997 1366 1033 1430 in
1057 1372 1150 1431 terra
1171 1364 1294 1448 Angli·

256 1485 343 1531 cana
368 1466 506 1550 qnidam
529 1465 790 1545 transmontani,
814 1466 875 1549 qui
899 1485 937 1531 se
960 1474 1166 1531 mercatores
1186 1463 1293 1531 nomi·

256 1573 353 1643 nant,
380 1565 528 1629 usurarii
557 1564 767 1649 impiissimi3
799 1566 861 1649 qui
890 1564 974 1630 nihil
1003 1564 1095 1630 alind
1122 1571 1295 1650 quaeruut,

257 1664 323 1728 nisi
351 1664 387 1728 in
414 1664 547 1749 laqueis
575 1665 658 1744 suis,
691 1665 864 1748 praecipue
897 1684 983 1749 quos
1012 1664 1172 1730 Romana
1199 1665 1295 1730 curia

256 1764 426 1846 angariat,
440 1764 639 1847 illaqueare.
691 1764 737 1829 Et
757 1764 808 1829 sic
824 1765 967 1830 abrasor
982 1766 1202 1848 pecuniarum
1219 1782 1293 1828 ma·

256 1865 365 1947 gister
396 1863 604 1948 Stephanus,
633 1864 761 1930 domini
791 1883 892 1948 papae
924 1862 1135 1949 capellanus,
1170 1862 1295 1947 Anglis

257 1962 350 2028 soeda
363 1963 503 2047 reliquit
514 1964 672 2048 vestigia.

215 2102 275 2141 m.
302 2102 356 2139 111.

208 2167 285 2243 203,
322 2161 555 2241 aalma
604 2163 706 2230 Solus
731 2172 846 2230 autem
871 2184 985 2232 comes
1008 2164 1200 2230 Castrensis
1222 2162 1296 2229 Ra·

371 2263 505 2351 salpices
625 2264 774 2349 nnlphus
791 2266 888 2331 stetit
900 2265 1056 2331 viriliter.

206 2429 256 2442 -
301 2386 557 2464 26,00ceatmsi
603 2385 696 2453 addit
713 2386 838 2466 Paris„
855 2389 914 2472 qni
938 2388 1023 2454 satis
1037 2386 1129 2452 felici
1143 2387 1295 2471 auspicio

626 2485 773 2552 officium
794 2488 946 2571 suscepit
964 2487 1171 2572 episcopale,
1195 2494 1231 2552 et
1244 2485 1297 2550 ia·

627 2586 756 2652 bricam
780 2606 880 2652 novar
898 2588 1064 2665 ecclesiae,
1081 2606 1184 2670 quam
1209 2605 1298 2670 prae·

627 2685 785 2751 decessor
800 2706 884 2751 snus
907 2686 1101 2751 Richardus
1121 2685 1299 2751 transtulit

626 2793 662 2849 et
677 2804 764 2850 ausu
789 2805 859 2852 non
880 2785 1088 2869 pusillanimi
1112 2784 1299 2863 inchoavit,

626 2885 770 2949 viriliter
808 2893 861 2951 est
901 2893 1113 2969 prosecutus,
1152 2885 1300 2970 juvante

627 2983 716 3062 Deo,
737 3004 830 3067 rege,
852 2992 888 3049 et
907 2984 1046 3069 populo.
1097 2982 1199 3050 Unde
1222 2984 1299 3067 qui·

627 3084 705 3148 dam
722 3084 934 3149 versificator
946 3085 996 3149 ait
1011 3084 1096 3149 satis
1110 3083 1298 3167 eleganter,

645 3233 728 3293 ‘Rex
747 3233 867 3312 largimr
886 3252 963 3313 opes,
982 3233 1039 3293 iert
1057 3232 1161 3313 presul
1179 3250 1272 3312 opem,

723 3329 851 3409 lapicidae

666 3427 747 3488 Dant
766 3447 899 3507 operam3
918 3427 1008 3487 tribus
1028 3426 1076 3486 his
1095 3434 1138 3485 ast
1160 3444 1231 3505 opus
1252 3432 1286 3484 ut

725 3517 781 3567 stet
793 3509 883 3587 opus!
1288 3532 1293 3539 ·

212 3662 288 3738 204,
302 3660 354 3736 16,
370 3655 467 3722 Jcoii
605 3651 698 3718 addit
712 3651 837 3731 Paris,
852 3651 981 3717 Eodem
995 3670 1085 3717 anno
1101 3652 1186 3718 obiit
1202 3649 1299 3716 Mar·

628 3754 721 3818 tinus
744 3753 787 3818 de
810 3750 1021 3830 Pateslrnlle,
1038 3751 1186 3817 decanus
1209 3750 1298 3816 Lon·

628 3852 790 3932 dioensis,
816 3852 948 3917 decimo
975 3859 1099 3917 octavo
1132 3849 1298 3916 kalendas

630 3952 841 4029 Decembris,
860 3951 915 4017 vir
936 3950 1031 4015 mirer
1053 3949 1242 4035 prudentiae
1264 3956 1300 4013 et

627 4052 744 4135 legum
761 4060 862 4118 terrae
880 4050 1022 4135 peritus.

210 4183 286 4258 205,
324 4181 355 4258 2,
371 4175 533 4263 refundere
607 4174 746 4241 refudit.

378 4277 501 4343 coram

209 4446 262 4459 -
328 4404 361 4478 4,
376 4399 562 4488 procuravit
607 4399 697 4466 sicut
713 4398 809 4484 prins
825 4398 1033 4483 procuravit.

507 4598 582 4652 ’Νη
593 4601 686 4666 am]
703 4599 781 4652 oue.
791 4589 880 4652 imo.
892 4612 911 4652 ι.
923 4614 949 4651 ι.
959 4603 1002 4650 ss.
