3334 5734
579 758 778 816 nnorrouss
800 759 933 811 vnars.
1234 744 1302 811 297

207 940 275 1007 fnit
290 939 520 1026 perturbati03
541 939 700 1007 dominns
716 941 807 1006 enim
821 959 915 1025 papa
931 943 1143 1008 occasionem
1161 962 1301 1009 samem

207 1061 231 1107 a
250 1040 418 1125 predicta
441 1041 657 1125 imperatoris
679 1041 929 1125 persecutione,
953 1050 1213 1125 argumentosas
1239 1063 1301 1109 ex-

206 1141 390 1219 torsiones,
416 1140 590 1225 praecipue
614 1142 651 1205 in
680 1140 821 1223 Anglia,
848 1142 1051 1223 excogitans
1079 1149 1116 1208 et
1139 1143 1301 1228 multipli-

206 1260 303 1319 cans,
319 1240 455 1324 legatos
474 1241 539 1305 suh
560 1241 674 1323 specie
694 1239 897 1324 simplicium
920 1242 1128 1320 nuntiorum,
1149 1250 1302 1327 potesta·

207 1348 279 1406 tom
296 1348 413 1406 umen
437 1339 602 1405 hahentes
619 1340 824 1423 legatorum,
849 1339 999 1423 undique
1020 1342 1217 1421 destinarit,
1241 1343 1301 1426 qni

207 1440 431 1506 multifariam
445 1446 635 1522 exegerunt
650 1440 842 1523 pecuniam,
857 1458 948 1506 nnnc
962 1441 1191 1524 praedicando,
1209 1431 1300 1507 nnnc

208 1540 448 1625 supplicando,
471 1559 561 1605 nunc
581 1539 822 1624 precipiendo,
838 1558 929 1604 nunc
943 1541 1193 1620 comminando,
1210 1560 1301 1606 nnnc

208 1637 550 1718 excommunicando,
567 1659 657 1704 nnnc
673 1639 930 1724 procurationes
948 1639 1128 1723 exigendo,
1144 1661 1206 1725 per
1222 1662 1300 1725 reg·

210 1758 292 1805 num
313 1737 453 1822 Angliar
466 1738 618 1805 infinitos
636 1749 790 1803 extorres
811 1737 1032 1805 reddiderunt
1052 1748 1087 1805 et
1108 1740 1302 1806 mendican-

207 1847 284 1919 tes3
309 1845 346 1904 et
368 1845 409 1903 ut
435 1836 604 1904 efficacius
628 1837 807 1904 thesauros
831 1839 983 1903 omnium
1008 1848 1240 1923 emungerent,
1265 1846 1301 1905 et

207 1939 388 2024 pecuniam
404 1938 505 2021 quasi
518 1937 562 2002 ad
579 1957 776 2004 succursum
789 1936 908 2003 Temen
922 1947 1052 2004 sanctae
1064 1939 1214 2023 undique
1230 1939 1298 2006 col-

207 2039 367 2122 ligerent,
386 2037 487 2123 cujus
505 2045 621 2103 tamma
640 2039 793 2122 pecunias
813 2037 924 2103 voluit
942 2058 1036 2117 snos,
1056 2058 1143 2123 quos
1169 2038 1213 2103 ad
1235 2038 1300 2104 hoc

207 2139 395 2216 ordinaret,
423 2156 498 2203 esse
521 2138 721 2206 collectores
748 2143 784 2203 et
808 2136 1073 2223 dispensatores,
1096 2158 1160 2206 nec
1185 2146 1300 2205 tamen

206 2239 287 2305 inde
314 2256 466 2322 unquam
488 2239 597 2303 sensit
621 2237 766 2303 ecclesia
787 2239 1049 2321 promotionem,
1075 2239 1213 2323 scripsit
1239 2238 1301 2304 do-

206 2339 323 2403 minns
344 2357 437 2422 papa
457 2337 614 2404 omnibns
631 2336 761 2402 Christi
784 2336 941 2403 fidelibus
958 2339 994 2403 in
1018 2338 1093 2404 haec
1106 2340 1211 2404 verhn
1231 2338 1300 2403 ele-

208 2438 425 2521 gantissima,
466 2455 546 2521 quae
582 2437 687 2502 corda
723 2436 898 2501 hominnm
934 2438 1071 2522 lapidea
1103 2438 1301 2503 viderentur

207 2545 403 2623 penetrmc,
424 2537 491 2602 nisi
515 2535 610 2603 lactu
625 2535 813 2601 humilitati
836 2555 878 2602 ac
899 2536 1047 2622 justitiae
1071 2538 1149 2603 luce
1172 2537 1300 2605 clarius

207 2637 430 2705 adremantia
442 2644 677 2721 sequerentur.

390 2802 535 2890 Epistola
554 2801 697 2890 Geapolis*
704 2823 801 2889 popu
813 2800 852 2866 da
866 2802 982 2888 motio
997 2803 1109 2869 σηκὶς.

258 2936 471 3020 ‘Gregorius
488 2936 820 3019 episcopusservus
839 2953 1014 3000 servorum
1032 2935 1114 3014 Dei,
1127 2934 1299 3002 universis

208 3038 337 3103 domini
363 3036 473 3102 nostri
488 3034 576 3101 Jesu
593 3035 722 3101 Christi
744 3033 902 3099 fidelihus
922 3054 984 3118 per
1003 3054 1147 3117 regnum
1161 3034 1304 3119 Angliae'

207 3137 416 3215 constitutis,
435 3135 480 3201 ad
500 3154 587 3220 qnos
611 3136 721 3201 literae
744 3135 822 3199 ista
846 3135 1072 3218 pervenerint,
1095 3135 1299 3201 salutemet

207 3237 432 3322 apostolicam
466 3234 747 3301 benedictionem.
811 3231 944 3300 Rachel
976 3254 1076 3300 sunm
1106 3235 1226 3301 videns
1262 3236 1298 3300 in

206 3357 300 3404 uerae
313 3337 394 3402 fidei
408 3335 603 3418 cognitione
627 3334 831 3419 principium
857 3335 1123 3400 accrescentium
1147 3336 1184 3400 in
1204 3334 1297 3400 salu·

207 3445 290 3515 tem,
322 3448 359 3501 et
391 3435 538 3500 liliorum
572 3434 725 3500 dexterae
759 3433 818 3517 pia
851 3441 962 3499 mater
987 3443 1110 3501 sancta
1140 3434 1299 3501 Romana

208 3536 365 3615 ecclesia,
392 3535 493 3621 cujas
525 3553 653 3618 magna
681 3539 735 3599 est
764 3534 863 3616 quasi
891 3554 986 3599 mare
1016 3533 1060 3599 de
1089 3553 1162 3600 suae
1191 3534 1298 3620 prolis

207 3634 439 3701 internecione
468 3635 642 3713 contritio,
670 3651 790 3701 vocem
821 3633 1089 3713 lamentationis,
1118 3635 1231 3714 fletus,
1261 3642 1298 3700 et

207 3736 322 3801 luctus
340 3733 454 3800 emisit
473 3735 639 3800 hactenns
662 3741 698 3800 et
719 3734 857 3812 emittit,
880 3753 982 3818 quam
1007 3734 1118 3799 audiri
1140 3736 1297 3818 cupimus

206 3836 243 3900 in
259 3834 410 3912 excelso,
420 3839 467 3904 ,ut
480 3853 542 3917 per
566 3834 656 3899 diem
679 3841 716 3899 et
731 3839 866 3900 noctem
889 3833 1040 3898 fidelium
1060 3834 1150 3900 oculi
1171 3834 1299 3900 doloris

206 3933 419 4018 lachrymam
440 3932 646 3999 deducentes
667 3953 737 3999 non
756 3941 907 4012 taceant,
923 3941 958 3998 et
974 3931 1084 3997 donec
1098 3933 1299 3998 misereatur

207 4033 380 4100 Dominus
395 4044 465 4098 non
486 4034 675 4117 quiescant.
727 4033 954 4099 Lamentatnr
977 4038 1106 4110 autem,
1129 4033 1212 4117 qnia
1236 4033 1298 4098 do·

206 4153 284 4200 mus
305 4131 453 4199 caelestis
475 4134 588 4218 panis,
612 4151 712 4198 mons
740 4132 847 4217 Syon,
872 4132 962 4197 unde
980 4131 1040 4197 lex
1059 4131 1155 4210 exiit,
1176 4132 1299 4198 civitas

207 4234 318 4316 Regis
344 4232 471 4316 magni,
500 4231 543 4296 de
564 4251 635 4316 qua
658 4233 752 4298 dicta
781 4240 817 4297 et
846 4233 975 4316 scripta
999 4232 1109 4298 multa
1139 4232 1301 4315 gloriosa,

206 4341 300 4399 terra
314 4351 418 4417 quam
434 4332 500 4397 Dei
516 4332 626 4398 Filius
644 4332 722 4397 fuso
741 4352 805 4417 pro
825 4333 925 4398 nobis
946 4352 1010 4398 suo
1030 4332 1197 4416 sangnine
1220 4351 1302 4398 cou-

205 4432 367 4512 secravit,
383 4433 480 4514 regni
497 4433 601 4497 robur
615 4431 763 4517 perdidit
780 4439 815 4497 et
828 4432 1071 4498 fortitudinem
1117 4432 1207 4510 Flet,
1221 4431 1303 4517 quia

205 4532 381 4616 qnondam
403 4533 523 4611 libera,
542 4533 606 4597 sub
628 4533 733 4616 impio
759 4532 951 4617 tyrannidis
969 4533 1058 4618 jugo
1084 4531 1220 4615 cogitur
1243 4551 1302 4597 an·
