3334 5734
370 754 435 821 1³6
730 771 931 820 nrcrronns
956 772 1089 822 vaura.

371 956 435 1021 bns
459 953 690 1038 amplioribus,
708 953 751 1018 de
774 962 875 1019 nocte
891 974 953 1037 per
975 964 1109 1018 murum
1131 953 1293 1019 dimissus
1312 953 1348 1017 in
1368 970 1466 1033 mag-

372 1074 453 1121 num
476 1054 567 1136 regis
591 1054 752 1118 damnum
776 1053 962 1137 prudenter
985 1055 1117 1133 evasit3
1144 1054 1395 1135 castellumque
1419 1051 1465 1114 de

369 1153 570 1218 *Bona-villa
580 1172 686 1237 supra
699 1151 811 1230 Tnke,
824 1153 884 1217 nbi
900 1152 1169 1230 custodiebatur,
1185 1154 1287 1218 laetus
1299 1160 1336 1217 et
1349 1151 1467 1215 ridens

372 1272 453 1319 suos
476 1253 646 1330 custodes,
667 1271 690 1317 a
708 1260 806 1335 tergo
826 1252 1003 1318 salutavit.
1055 1252 1158 1318 Unde
1184 1272 1246 1316 rex
1268 1250 1467 1333 Anglorum

372 1371 492 1417 versus
518 1351 706 1418 Bobertum
734 1351 777 1416 de
802 1351 877 1417 Ros
900 1352 1022 1416 merito
1047 1350 1149 1416 nimis
1174 1352 1284 1416 iratus
1308 1350 1401 1433 cepit
1419 1349 1466 1414 ab

372 1452 432 1516 illo
460 1451 553 1516 mille
580 1460 616 1517 et
642 1452 807 1516 ducentas
836 1469 982 1529 marcas,
1004 1451 1165 1517 videlicet
1193 1459 1363 1534 qnantum
1388 1450 1465 1532 ipse

374 1550 483 1634 Hugo
504 1553 661 1636 captivus
682 1548 745 1636 'pro
766 1570 830 1614 sua
853 1557 927 1616 erat
947 1550 1149 1615 liberatione
1171 1550 1381 1625 redditurus,
1402 1567 1464 1631 pro

373 1669 437 1715 sua
453 1651 663 1734 negligentia
675 1658 711 1715 et
726 1651 889 1732 praecepti
905 1649 991 1732 regii
1007 1651 1300 1733 transgressione;
1324 1657 1362 1715 et
1376 1646 1464 1713 Wil-

373 1750 510 1814 lelmum
524 1750 566 1814 de
583 1750 725 1833 Spineto
736 1749 842 1832 jussit
859 1749 1014 1832 patibulo
1030 1750 1243 1832 praesentari.

425 1850 556 1914 Diebus
586 1868 723 1932 quoqne
751 1849 815 1912 sub
844 1848 970 1912 eisdem
1000 1866 1113 1912 comes
1142 1847 1335 1924 lohannes,
1359 1847 1465 1910 frater

371 1950 466 2031 ,regis
493 1947 670 2025 Richardi,
697 1966 797 2031 quem
822 1966 886 2011 rex
913 1947 957 2012 ad
982 1967 1078 2012 arma
1104 1947 1186 2013 licat
1213 1966 1282 2011 non
1312 1945 1461 2011 desidem

374 2049 554 2125 animarat,
578 2055 614 2112 et
633 2047 860 2111 cruentissimi
876 2048 1031 2129 ruptarii,
1046 2047 1171 2129 quibus
1184 2047 1326 2129 sanguis
1344 2045 1463 2109 bume-

372 2166 437 2211 nus
465 2167 528 2229 pro
559 2146 653 2210 nullo
682 2147 908 2228 reputabatur
938 2146 994 2211 vel
1030 2146 1148 2229 praeda
1173 2146 1228 2211 vel
1255 2144 1460 2221 incendium,

373 2245 582 2311 Markadens
604 2245 727 2328 Algais
749 2253 784 2311 et
801 2245 1030 2329 Lupescarns,
1055 2246 1195 2310 natione
1215 2243 1463 2321 Provinciales‚

373 2353 482 2410 terras
502 2344 593 2427 regis
612 2345 834 2421 Francorum,
856 2364 937 2428 rege
956 2345 1100 2429 jubente
1129 2343 1316 2422 Richardo,
1348 2352 1465 2409 exter·

373 2445 478 2508 minio
501 2444 620 2508 lethali
635 2451 870 2521 vastaverunt,
888 2444 1053 2522 ecclesiae,
1075 2444 1180 2521 aetati,
1199 2444 1254 2509 vel
1275 2443 1464 2509 conditioni

373 2544 511 2607 minime
542 2549 731 2627 parcentes.
790 2543 1048 2608 Insidiabantur
1078 2551 1193 2608 autem
1219 2544 1370 2607 maxime
1397 2544 1466 2625 epi·

374 2661 480 2726 scopo
499 2642 702 2707 Belvacensi
723 2641 884 2725 Philippo
906 2651 942 2707 et
965 2642 1117 2727 ejusdem
1135 2641 1389 2719 archidiacono,
1410 2642 1468 2725 qui

375 2750 485 2806 metas
501 2741 628 2806 ordinis
645 2742 699 2805 sui
715 2742 929 2824 impudenter
948 2742 1238 2824 transgredientes
1253 2742 1387 2807 bellicis
1408 2762 1465 2805 ue·

374 2842 478 2923 gotiis
493 2841 676 2924 vigilanter
691 2840 917 2918 indulserunt,
932 2842 1022 2906 unde
1035 2860 1103 2905 non
1120 2841 1335 2906 mediocriter
1350 2861 1464 2923 regem

376 2940 586 3005 Richardum
615 2940 886 3005 damnificarent.
937 2939 1129 3006 Trahentes
1158 2940 1248 3004 enim
1275 2942 1465 3005 exercitum

375 3041 549 3123 copiosum
565 3048 680 3104 castra
694 3039 860 3103 nonnulla
880 3040 971 3122 regis
995 3039 1160 3104 Richardi
1177 3040 1346 3105 violenter
1362 3059 1464 3105 oocu-

375 3147 555 3222 paverant,
570 3139 695 3203 milites
716 3158 757 3204 ac
784 3139 972 3203 servientes
1000 3140 1263 3222 interceperant,
1286 3147 1323 3204 et
1337 3140 1465 3204 multos

376 3238 502 3303 eisdem
526 3237 723 3302 resistentes
751 3238 1020 3315 trucidaverant,
1041 3257 1104 3302 uec
1132 3247 1310 3303 cessarunt
1332 3238 1389 3303 die
1413 3238 1465 3303 vel

377 3346 477 3402 nocte
502 3336 628 3401 talibus
652 3337 784 3419 jugiter
806 3336 1005 3417 indulgere3
1027 3344 1125 3402 erant
1152 3356 1299 3420 namque
1324 3339 1466 3415 strenui,

377 3436 545 3518 generosi,
558 3443 593 3499 et
609 3442 776 3518 potentes.
814 3435 894 3500 Una
911 3437 1016 3519 igitur
1032 3436 1162 3501 dierum
1179 3437 1259 3501 dum
1274 3437 1357 3501 dicti
1373 3437 1466 3502 Mar·

379 3534 504 3599 cadens
524 3540 559 3599 et
574 3534 801 3617 Lupescarus,
821 3536 881 3617 qui
905 3536 1009 3600 duces
1027 3534 1165 3600 fuerunt
1189 3544 1338 3601 catervae
1364 3555 1467 3618 quam

379 3634 524 3699 Ruttam
548 3652 721 3712 vocamus,
747 3634 932 3699 militantes
950 3636 1014 3699 sub
1034 3635 1158 3699 comite
1180 3634 1342 3700 Johanne
1360 3635 1466 3699 fratre

378 3735 469 3815 regis
491 3732 667 3811 Richardi,
695 3733 940 3817 equitationem
962 3734 1115 3799 lacerent
1138 3734 1366 3817 impetuosam
1387 3744 1467 3799 ante

377 3835 552 3899 civitatem
577 3832 833 3910 Belvacensem,
860 3834 984 3915 praedae
1009 3833 1224 3898 intendentes
1243 3842 1279 3899 et
1299 3835 1468 3917 captioni·

379 3937 456 4012 bns,
483 3933 701 4015 indignantes
722 3931 939 3997 vehementer
965 3951 1069 4014 super
1094 3931 1158 3997 boc
1181 3933 1333 3997 civitatis
1359 3934 1468 4018 ipsius

380 4036 560 4120 episcopus
599 4031 780 4115 Philippus
823 4038 857 4096 et
894 4031 1047 4116 ejusdem
1083 4031 1354 4110 archidiaconus,
1391 4052 1468 4096 cum

379 4135 478 4221 plebe
504 4132 614 4196 multa
637 4132 745 4214 ipsius
772 4131 935 4209 civitatis,
960 4131 1136 4214 eleganter
1162 4130 1206 4195 ad
1231 4150 1382 4213 unguem
1412 4151 1468 4195 ar·

380 4236 463 4298 mati
489 4233 647 4297 exierunt
673 4239 792 4296 contra
819 4250 891 4308 eos,
917 4238 957 4295 ut
985 4237 1115 4295 tantam
1138 4231 1298 4314 injuriam
1325 4231 1469 4313 repelle·

380 4343 458 4400 rent
484 4341 520 4397 et
553 4339 711 4414 potenter
740 4329 963 4395 vindicarent.
1013 4329 1208 4394 Willelmus
1249 4349 1386 4413 quoque
1426 4330 1469 4394 de
1565 4357 1568 4362 ’

381 4433 505 4509 Merlo,
520 4432 594 4511 regi
619 4430 829 4495 Francorum
851 4431 972 4495 merito
990 4437 1131 4512 propter
1153 4447 1251 4493 suam
1275 4428 1471 4509 carissimus

380 4534 597 4618 probitatem,
622 4549 700 4594 cum
726 4529 849 4594 militia
876 4536 1016 4594 strenua
1046 4547 1087 4592 ac
1115 4547 1307 4606 numerosa,
1333 4528 1472 4594 additus
