3334 5734
571 773 769 823 nncrronns
791 773 923 823 vnarn.
1228 760 1293 823 145

245 973 339 1038 papa
347 949 571 1022 'temerarium
594 957 637 1021 de
653 957 786 1041 capella
803 957 1014 1040 propesitum
1030 958 1287 1043 archiepiscopi,

245 1053 288 1118 de
302 1074 371 1138 quo
384 1057 619 1141 supradictum
633 1064 698 1135 est,
715 1056 869 1122 modeste
885 1056 1105 1123 refraenavit?

205 1182 263 1221 utu.
289 1185 341 1222 [ΙΙ.

194 1246 273 1322 129,
290 1246 552 1337 30‚Brcw,qaor
593 1250 726 1316 Brause
742 1249 1017 1327 Wannunubem,
1034 1270 1132 1334 qnos.

361 1347 543 1417 Wonaawm

189 1508 244 1520 -
289 1471 342 1547 33,
356 1475 505 1540 ammisit
593 1473 642 1538 00.
672 1473 739 1537 and
766 1474 807 1537 B.
830 1473 911 1550 add,
934 1470 1169 1555 ‘congregati
1204 1483 1284 1540 sunt

611 1591 728 1637 omnes
750 1572 820 1637 sere
835 1571 1029 1638 wallenses
1043 1572 1181 1637 Wallioe
1202 1592 1283 1637 con·

606 1671 764 1756 jurantes
807 1672 852 1735 ad
899 1673 1043 1737 invicem
1086 1679 1283 1737 constanter

610 1779 703 1836 stare
726 1771 889 1854 quamdiu
921 1771 994 1835 vita
1025 1771 1061 1834 in
1087 1772 1282 1853 pectoribus

610 1871 795 1954 palpitaret
807 1890 870 1953 pro
887 1889 1118 1936 causasarum
1132 1879 1167 1935 et
1182 1878 1281 1936 terrae

610 1989 682 2034 snae
703 1970 919 2035 libertatibus
944 1977 1064 2035 contra
1089 1968 1281 2053 Anglorum

608 2070 877 2151 protervitatem.
921 2068 1055 2134 Etcum
1072 2078 1193 2134 centra
1206 2069 1280 2135 An·

609 2169 742 2249 glor-nm
763 2170 950 2234 exercitum
968 2168 1205 2234 densissimum
1226 2189 1281 2234 ce

608 2267 852 2333 raminfronte
864 2268 1131 2345 constituissent,
1140 2268 1279 2334 advenit

607 2387 685 2431 cnm
700 2369 772 2432 suis
788 2368 926 2433 aciebus
943 2366 1082 2433 militari
1099 2367 1279 2451 disciplina

606 2467 771 2533 ordinatis
799 2468 873 2551 ipse
905 2467 1028 2531 Petrus
1051 2467 1277 2553 justiciarius,

606 2567 666 2649 qni
688 2575 763 2632 erat
782 2566 881 2631 miles
903 2570 1063 2631 strenuus
1080 2575 1116 2632 et
1134 2566 1277 2632 circum·

606 2674 755 2750 spectus,
768 2675 888 2731 contra
900 2685 960 2731 ees
976 2665 1197 2731 dimicaturus
1210 2687 1219 2746 3
1242 2675 1278 2732 et

607 2785 683 2830 cunr
701 2765 861 2831 alacriter
883 2784 964 2831 snas
985 2765 1077 2830 acies
1093 2765 1276 2831 animando

606 2866 833 2948 persuasisset
869 2872 909 2930 ut
940 2864 1065 2947 aliquis
1102 2865 1276 2930 animosus

605 2965 743 3048 praeiret
757 2963 961 3029 densitatem
977 2963 1141 3028 initialem
1158 2963 1276 3029 adver·

499 3054 501 3057 ’
606 3063 715 3128 santis
747 3064 919 3128 exercitus
952 3060 1192 3145 dissipaturus,
1224 3083 1276 3128 re·

605 3162 744 3246 spondit
754 3162 892 3246 quidam
907 3162 949 3226 de
964 3161 1190 3227 servientibus
1203 3164 1275 3227 suis

606 3263 741 3327 nemine
757 3262 934 3327 Walterus
951 3261 993 3325 de
1009 3260 1135 3339 Heme,
1150 3261 1274 3327 Trum-

604 3361 747 3445 pintona
761 3362 938 3439 oriundus,
946 3361 1061 3426 dicens
1076 3361 1190 3444 palam
1197 3361 1274 3445 jus·

604 3462 738 3526 ticiario
760 3469 796 3526 et
810 3462 883 3525 suis
904 3460 1118 3544 primatibus,
1138 3459 1273 3539 ‘Absit

603 3561 750 3638 domine,
765 3568 804 3625 ut
824 3560 949 3643 aliquis
970 3560 1093 3624 nobilis
1114 3567 1148 3624 et
1166 3560 1272 3626 same

603 3680 662 3725 sus
683 3661 780 3725 miles
795 3669 918 3743 sponte
937 3660 1108 3742 periturus
1124 3666 1194 3723 tam
1212 3679 1272 3724 an·

603 3761 699 3842 cipiti
719 3779 756 3824 se
780 3767 954 3843 supponat
979 3758 1141 3842 periculo,
1162 3778 1271 3841 neque

570 3866 578 3875 ’
601 3859 699 3924 decet
712 3866 773 3924 aut
787 3858 927 3941 expedit
940 3865 978 3923 ut
989 3856 1114 3941 aliquis
1127 3876 1271 3938 magnus

603 3958 683 4022 vitae
704 3978 777 4022 snae
797 3957 962 4040 prodigus
977 3955 1129 4033 existnt;
1152 3954 1212 4019 sed
1228 3956 1270 4021 de

601 4076 655 4121 me
665 4065 779 4123 vestre
791 4076 943 4141 paupere
955 4055 1125 4120 serviente
1139 4064 1271 4120 nonest

600 4174 762 4238 magnum
790 4157 951 4221 damnum
978 4155 1009 4220 si
1039 4171 1187 4237 peream,
1207 4174 1270 4218 nec

600 4256 744 4320 multum
775 4255 980 4321 exultabunt
1011 4254 1054 4317 de
1084 4271 1167 4317 casu
1194 4273 1270 4317 meo

599 4355 750 4420 inimici!
801 4355 847 4421 Et
858 4355 923 4420 hoc
935 4355 1026 4419 dicto
1044 4372 1112 4417 uon
1127 4371 1270 4435 exspec-

599 4461 677 4519 tans
697 4474 909 4539 responsum,
931 4472 1068 4538 equum,
1089 4471 1190 4536 quem
1212 4451 1270 4517 ba·

598 4553 672 4618 buit
708 4556 939 4637 praeelectum,
979 4561 1123 4635 utroque
1162 4551 1269 4617 latere

1100 4667 1121 4714 n
