3334 5734
389 716 432 787 78
759 680 960 783 suessones¹
977 730 1108 783 ventu.

389 914 467 981 dam
499 934 581 979 vero
610 920 738 979 nostrae
768 911 847 977 fidei
879 913 1003 979 seriem
1032 921 1068 980 et
1097 920 1249 983 tenorem
1278 915 1390 983 literis
1420 917 1482 985 tibi

389 1014 563 1101 supplicas
596 1014 745 1097 aperiri3
781 1031 845 1081 nos
876 1013 944 1083 tuis
986 1015 1265 1097 congratulantes
1305 1015 1482 1085 desideriis

388 1115 483 1180 illam
518 1115 582 1179 sub
613 1113 761 1199 quodam
791 1113 1005 1197 compendio,
1037 1120 1074 1179 et
1103 1114 1201 1198 qnasi
1229 1115 1338 1198 digito
1369 1124 1479 1193 tenus,

389 1214 598 1281 intimamus.
649 1212 742 1279 Illud
763 1211 870 1295 igitur
894 1213 951 1297 pie
974 1212 1095 1283 credas
1119 1221 1154 1278 et
1175 1214 1321 1283 fideliter
1350 1223 1482 1294 teneus,

389 1315 471 1397 quia
504 1333 594 1381 unns
632 1312 729 1377 Deus
771 1319 836 1391 est,
873 1312 924 1377 sic
955 1318 1071 1381 tamen
1108 1321 1150 1378 ut
1179 1314 1215 1378 in
1247 1316 1484 1399 assignatione

390 1412 528 1479 deitatis
565 1413 612 1479 sit
643 1413 757 1480 unitas
784 1412 822 1475 in
859 1412 1066 1490 substantia,
1098 1420 1132 1478 et
1167 1413 1303 1479 trinitus
1335 1417 1375 1480 in
1404 1437 1485 1499 per·

390 1512 496 1578 souis.
546 1512 610 1579 Est
626 1512 715 1581 enim
739 1510 836 1577 Deus
862 1511 980 1590 Peter,
1002 1512 1099 1581 Deus
1121 1512 1243 1591 Filius,
1261 1514 1360 1580 Deus
1377 1515 1502 1599 Spiri·.

389 1619 447 1681 tus
477 1612 647 1692 Sanctus3
679 1610 739 1677 sed
769 1611 876 1676 Pater
897 1619 933 1678 et
960 1611 1069 1677 Filius
1100 1620 1136 1677 et
1160 1613 1308 1696 Spiritus
1333 1614 1482 1680 Sanctus

270 1724 272 1727 ’
391 1731 497 1779 uuum
519 1718 612 1777 sunt.
663 1710 729 1776 Est
743 1718 857 1778 autem
875 1730 917 1776 sa
933 1709 1092 1779 diecretio
1113 1711 1150 1776 in
1171 1714 1338 1795 personis,
1360 1721 1403 1779 ut
1420 1734 1482 1779 nec

393 1812 500 1877 Pater
527 1812 575 1876 sit
601 1810 722 1893 Filius,
751 1829 814 1879 uec
841 1810 946 1879 Pater
973 1811 1020 1877 sit
1049 1810 1197 1895 Spiritus
1228 1812 1390 1891 Sanctus,
1419 1834 1482 1879 nec

392 1911 502 1979 Filius
524 1911 572 1977 sit
601 1910 718 1989 Peter,
743 1929 807 1975 nec
834 1909 944 1979 Filius
973 1910 1019 1976 sit
1046 1909 1195 1994 Spiritus
1229 1911 1391 1990 Sanctus,
1419 1933 1482 1978 nec

392 2009 541 2096 Spiritus
558 2009 706 2077 Sanctus
722 2010 768 2077 sit
781 2009 890 2079 Pater
905 2017 966 2077 aut
982 2009 1102 2076 Filius.
1154 2010 1226 2076 Res
1242 2013 1381 2094 quidem
1398 2012 1482 2077 diffi-

392 2111 467 2179 cilis
484 2117 538 2175 est
553 2109 729 2177 intellectu
744 2116 780 2177 et
794 2110 903 2179 aciem
917 2109 1059 2179 rationis
1072 2109 1232 2174 bunnense
1246 2112 1460 2177 transcendit
1472 2135 1481 2192 ;

393 2210 454 2275 sed
478 2215 576 2275 tauto
601 2209 793 2292 elegantius
814 2209 918 2275 hebet
944 2208 1023 2277 fidoi
1046 2211 1216 2287 meritum,
1241 2218 1372 2294 quanto
1399 2210 1483 2276 diffi-

394 2309 492 2377 cilior
513 2315 567 2373 est
586 2308 630 2377 ad
657 2308 873 2379 credendum.
924 2308 1035 2377 Porro
1059 2309 1140 2377 licet
1163 2309 1247 2374 nibil
1273 2311 1481 2389 inveniatur,

395 2408 486 2492 quod
501 2426 698 2491 expressam
715 2406 841 2475 babeat
854 2408 1009 2486 unitatis,
1025 2428 1104 2492 quas
1120 2409 1156 2472 in
1173 2409 1249 2474 Deo
1266 2416 1319 2474 est
1340 2430 1482 2476 summae

393 2507 586 2585 Trinitatis,
610 2506 805 2589 imaginem,
827 2527 891 2573 nee
914 2508 1019 2573 verba
1035 2508 1138 2577 etiam
1160 2509 1392 2587 inveniantur,
1407 2512 1481 2594 qui-

394 2607 458 2673 bus
474 2607 643 2690 possimus
660 2606 703 2672 de
718 2606 779 2672 illa
793 2607 942 2673 essenfie
958 2606 1061 2689 digne
1074 2607 1181 2690 loqui,
1194 2608 1286 2692 quod
1300 2629 1483 2693 possumus

393 2714 509 2772 tamen
532 2706 708 2784 faciemus,
733 2714 768 2773 et
790 2707 891 2791 quasi
917 2706 1145 2775 balbutientes
1166 2727 1228 2791 per
1251 2710 1357 2773 verba
1381 2710 1483 2774 rebus

396 2806 651 2873 accommodata
669 2805 875 2873 transitoriis
894 2826 966 2871 rem
982 2807 1044 2873 tibi
1060 2805 1263 2872 ineffabilem
1280 2809 1481 2892 aperiemus.

396 2907 527 2972 Paulus
548 2906 725 2990 apostolus
746 2905 841 2987 dicit,
859 2906 941 2990 quia
954 2905 1158 2973 ‘invisibilia
1173 2906 1252 2984 Dei,
1269 2926 1331 2989 per
1349 2927 1393 2972 ea
1406 2929 1482 2992 quae

394 3007 487 3073 facte
515 3015 607 3084 sunt,
627 3005 805 3072 intellectu
827 3004 1095 3089 conspiciuntur,
1119 3007 1326 3089 sempiterna
1348 3027 1484 3092 quoque

394 3107 505 3173 virtus
531 3105 606 3191 ejus
632 3112 668 3171 et
692 3100 875 3175 siduitas!
926 3103 1017 3171 Vide
1043 3123 1126 3187 ergo
1149 3112 1296 3170 mentem
1324 3104 1481 3183 bominis,

394 3224 519 3288 corpus
534 3206 636 3271 etiam
654 3204 766 3269 solare
784 3203 974 3283 considera,
993 3211 1030 3273 et
1043 3204 1173 3273 uidebis
1189 3204 1482 3290 qualitercunque,

394 3304 476 3373 licet
490 3305 637 3370 tenuiter
653 3311 688 3368 et
702 3304 802 3386 quasi
822 3303 924 3373 oculo
947 3302 1155 3381 conniventi,
1171 3304 1342 3387 quandam
1363 3305 1481 3370 simili-

396 3403 548 3473 tudinem
562 3402 755 3469 Trinitatis.
807 3402 873 3471 Est
887 3403 923 3470 iu
941 3410 1055 3473 mente
1075 3402 1220 3467 bominis
1244 3404 1482 3487 intelligentia,

396 3503 569 3579 memoria,
589 3509 625 3569 et
638 3501 810 3573 voluntas.
861 3501 1015 3571 Mentem
1036 3509 1151 3569 autem
1170 3521 1333 3568 vocamus
1355 3523 1481 3569 memo·

396 3602 494 3679 mam,
527 3609 674 3668 mentem
701 3601 844 3669 dicimus
866 3602 1139 3684 intelligentiam,
1165 3610 1312 3667 mentem
1339 3602 1481 3668 dicimus

395 3700 619 3768 voluntatem
656 3699 834 3777 Memoria,
852 3700 1080 3783 intelligentia
1096 3710 1131 3767 et
1147 3702 1307 3766 voluutas
1320 3711 1403 3767 sunt
1416 3722 1482 3766 uua

395 3820 512 3883 meus;
540 3800 600 3865 sed
623 3820 686 3865 uec
708 3802 871 3867 memorie
898 3809 953 3868 est
976 3800 1203 3884 intelligentia
1227 3802 1284 3866 vel
1310 3802 1480 3867 voluntas.

397 3901 442 3969 Iu
465 3900 584 3967 eodem
600 3920 742 3984 corpore
764 3901 847 3967 solis
864 3899 995 3971 radium
1010 3899 1122 3979 video,
1138 3901 1250 3965 sentio
1267 3901 1428 3979 calorem,
1450 3910 1483 3967 et

395 4021 545 4082 agnosco
568 4001 801 4085 splendorem:
836 4000 910 4065 baec
936 4002 1003 4065 trie
1029 4000 1131 4067 unius
1152 4008 1234 4065 sunt
1256 4001 1427 4077 essentiae,
1449 4009 1482 4065 et

396 4101 528 4167 nullum
545 4107 658 4171 tamen
673 4101 809 4166 illorum
826 4108 879 4165 est
895 4099 1051 4166 alterum.
1103 4099 1160 4165 Sic
1180 4100 1216 4163 in
1235 4099 1296 4163 illa
1319 4099 1481 4165 ineffabili

395 4208 431 4266 et
456 4199 801 4285 incircumscriptibili
823 4199 935 4283 gloria
958 4199 1097 4267 deitatis
1117 4205 1170 4263 est
1193 4198 1303 4264 Filius
1325 4218 1347 4264 a
1368 4199 1481 4275 Patre,

395 4308 431 4367 et
447 4300 594 4384 Spiritus
610 4300 757 4365 Sanctus
771 4300 816 4365 ab
831 4307 987 4382 utroque.
1029 4297 1184 4382 Cumque
1201 4298 1307 4363 Pater
1322 4306 1358 4363 et
1373 4299 1481 4363 Filius
1542 4358 1544 4362 .

395 4406 432 4463 et
446 4399 593 4485 Spiritus
610 4399 758 4468 Sanctus
777 4398 930 4485 ejusdem
952 4398 1166 4477 substantiae,
1188 4397 1341 4483 ejusdem
1364 4406 1482 4481 poten-

395 4498 453 4563 tiae
481 4506 517 4567 et
544 4499 662 4582 gloriar
686 4506 779 4577 sunt,
807 4518 876 4563 non
903 4506 985 4566 sunt
1013 4505 1127 4564 nmen
1152 4504 1222 4562 tres
1252 4496 1334 4578 Dii;
1363 4496 1482 4562 sedin
