3334 5734
559 802 759 852 inopiosas
782 804 916 856 visin.
1219 793 1284 860 170

201 924 260 962 fas.
277 924 329 962 Uli·

190 987 266 1063 302,
282 989 337 1063 34,
353 986 539 1052 amandatio·
583 987 676 1055 addit
700 987 825 1068 Paris,
848 1011 910 1075 per
938 992 1116 1058 consilinm
1139 1012 1280 1062 venera·

352 1108 421 1151 eom
453 1087 540 1174 requi
605 1089 726 1154 billum
740 1098 876 1173 patrum
892 1099 1086 1158 nostrorum
1103 1093 1278 1178 Stephani,

352 1188 451 1252 semi
607 1187 867 1255 Cantuariensis
891 1192 1149 1277 archiepiscopi,
1172 1196 1279 1260 totius

606 1286 745 1371 Angliae
757 1290 915 1374 primatis
925 1299 961 1357 et
969 1298 1098 1358 sanctes
1111 1292 1279 1360 Romania

605 1389 760 1454 ccclesias
768 1389 964 1470 cardinalis,
971 1390 1278 1470 Henrici,Dnblin·

606 1490 698 1554 ensis
721 1489 1165 1575 archiepiscopiwillelmi,
1186 1492 1279 1560 Lon·

604 1588 757 1654 dioensis
773 1590 937 1675 episcopi,
954 1591 1051 1657 Petri
1065 1592 1277 1659 wintonien·

604 1689 666 1767 sis,
691 1688 841 1755 Joeelini
863 1690 1104 1758 Bathoniensis
1124 1699 1160 1759 et
1174 1692 1278 1759 Glas-

605 1790 741 1865 trensis,
797 1789 960 1872 Hugonis
1016 1791 1277 1872 Lincolniensis,

604 1888 752 1955 Walteri
768 1888 1020 1973 wigornensis,
1029 1891 1195 1958 willelmi
1211 1892 1277 1959 Go-

604 1990 807 2067 ventrensis,
818 1990 998 2056 Benedicti
1010 1989 1194 2070 Roffensis,
1205 1992 1274 2077 epi·

604 2106 799 2172 scoporum,
829 2097 866 2155 et
895 2089 1053 2173 magistri
1080 2089 1276 2176 Pandulphi

604 2187 733 2253 domini
750 2207 852 2273 papae
870 2189 1071 2256 subdiaconi
1092 2198 1129 2255 et
1150 2190 1275 2257 sanili-

604 2288 683 2365 aris‚
696 2287 812 2354 fratris
827 2289 984 2372 magistri
999 2289 1131 2355 militiae
1141 2289 1277 2375 Templi

604 2385 754 2470 Angliae,
773 2396 810 2454 et
829 2388 995 2454 nobilium
1020 2389 1171 2454 virorum
1186 2389 1276 2456 Wil-

602 2485 696 2551 lelmi
712 2487 933 2554 Mai-eschalli
946 2489 1080 2555 comitis
1096 2487 1275 2568 Pcmbroc,

603 2585 661 2652 W.
672 2588 808 2653 comitis
821 2587 1100 2667 Saresberiensis,
1109 2588 1276 2656 Willelmi

601 2687 956 2767 comitisWerrennae,
963 2687 1128 2754 Willelmi
1140 2690 1274 2755 comitis

601 2784 769 2865 Arundel,
794 2786 901 2853 Alani
922 2787 965 2852 de
985 2787 1122 2853 Leweia
1140 2796 1274 2854 consta·

601 2885 726 2950 bularii
742 2886 881 2964 Scotino,
892 2886 1026 2953 Warini
1043 2887 1105 2952 filii
1116 2886 1272 2967 Gerardi,

602 2982 699 3049 Petri
715 2983 778 3049 lilii
796 2985 993 3065 Hereberti,
1010 2994 1045 3051 ct
1062 2985 1213 3052 Huberti
1229 2987 1272 3053 de

602 3084 722 3167 Burgo
737 3084 940 3150 seneschalli
957 3084 1137 3164 Pictaviae,
1148 3084 1272 3167 Hugo·

601 3183 654 3248 nis
676 3184 721 3249 de
740 3183 893 3263 Nevilla,
910 3183 1071 3250 Matthaei
1085 3185 1146 3249 filii
1161 3183 1273 3250 Hera-

602 3283 700 3360 berti,
728 3283 871 3350 Thomee
894 3284 1030 3363 Basset,
1054 3282 1160 3349 Alani
1186 3285 1273 3350 Bas·

599 3389 665 3461 set,
697 3380 851 3468 Philippi
884 3384 927 3449 de
954 3381 1094 3462 Albani,
1126 3383 1270 3450 Roberti

600 3480 644 3547 de
662 3481 825 3566 Ropesle,
843 3482 1014 3548 Johannis
1036 3483 1270 3562 Mareschalli,

599 3589 636 3646 et
657 3581 830 3647 Johannis
857 3582 920 3648 lilii
948 3581 1123 3665 Hugonis,
1148 3589 1183 3655 et
1207 3584 1270 3649 ali·

598 3699 696 3747 orum
725 3682 876 3748 fidelium
899 3690 1105 3763 nostrorum,
1131 3684 1167 3749 in
1200 3683 1270 3768 pri·

595 3799 672 3848 mis.

178 3905 254 3981 303,
272 3907 325 3983 31,
347 3904 437 3991 infre
454 3914 528 3971 ata·
574 3902 668 3969 addit
682 3904 806 3983 Paris„
819 3912 856 3971 et
871 3904 1022 3969 fueritin
1037 3904 1203 3970 custodia.

343 4013 402 4069 tem

178 4127 256 4203 sol,
274 4123 327 4201 27,
342 4126 528 4216 desporoqa·
574 4124 866 4209 disparagatione,
882 4127 934 4191 ita
952 4134 1068 4192 temen
1089 4125 1181 4210 qnod
1205 4145 1266 4191 an-

342 4228 423 4292 tiono
596 4232 735 4309 tequam
764 4225 988 4291 contrahetur
1016 4225 1268 4291 matrimonium

595 4324 797 4391 ostendatur
827 4323 1028 4409 propinquis
1050 4324 1095 4391 de
1122 4344 1268 4391 consan-

594 4423 766 4506 guinitate
781 4424 891 4507 ipsius
908 4424 1066 4491 haeredis.

172 4550 253 4627 305,
270 4550 324 4627 22,
338 4548 483 4615 miserint
572 4547 729 4614 solvitur.

1122 4683 1138 4718 u
1149 4674 1165 4719 3
