3334 5734
618 806 817 857 suentense
841 806 973 856 vestm.
1272 796 1336 862 107

240 988 479 1056 cachinnando
511 990 612 1067 dixit,
641 989 751 1055 ‘Cum
779 990 912 1054 venerit
938 990 973 1053 in
997 989 1178 1065 infernum,
1205 992 1334 1060 salutet

241 1087 453 1168 Hubertum,
485 1089 766 1156 cantuariensem
793 1088 1098 1172 arehiepiscopum,
1127 1110 1229 1174 quem
1254 1112 1334 1175 pro·

240 1188 403 1254 culdubio
419 1190 466 1254 ibi
483 1190 655 1256 inveniet!
706 1189 752 1254 Et
773 1207 958 1254 conversus
984 1188 1027 1253 ad
1045 1190 1332 1258 circumsedentes

238 1289 423 1353 subintulit
443 1289 571 1367 dicens,
592 1288 684 1353 ‘Per
706 1287 811 1372 pedes
837 1287 989 1366 Domini,
1004 1307 1094 1354 nunc
1117 1291 1228 1372 primo
1254 1310 1330 1356 sum

239 1406 304 1450 rex
318 1395 355 1452 et
370 1388 527 1453 dominns
539 1388 677 1470 Angliae
691 1388 711 1454 l'
762 1387 897 1453 Habuit
912 1387 1019 1470 igitur
1036 1398 1165 1455 extunc
1179 1398 1329 1473 potesta·

239 1494 310 1550 tem
334 1486 526 1552 liberiorem
537 1487 742 1572 J‘uramentis
761 1488 832 1552 suis
850 1494 886 1551 et
905 1487 1027 1569 pactis,
1052 1508 1131 1572 quat
1151 1508 1229 1553 cum
1251 1491 1330 1574 ipso

239 1584 411 1652 Gausrido
432 1586 569 1653 dolente
595 1587 735 1663 fecerat,
753 1587 936 1664 contraire,
959 1594 995 1651 et
1015 1587 1111 1653 inite
1136 1590 1231 1670 pacis
1256 1590 1330 1654 vin·

238 1685 341 1763 culis,
366 1687 491 1769 quibus
515 1706 553 1750 se
575 1686 777 1764 involverat,
800 1685 981 1750 denodare.
1027 1685 1197 1753 Poenituit
1221 1688 1329 1770 igitur

238 1785 354 1867 ipsum
375 1787 528 1868 graviter
549 1795 585 1851 et
599 1786 822 1864 amarissime,
850 1785 941 1868 quod
964 1784 1009 1849 ad
1034 1787 1209 1869 praedictae
1233 1790 1328 1871 pacis

236 1902 444 1949 consensum
460 1885 693 1950 inclinaretur.

324 2051 392 2115 Bes
406 2050 563 2116 Jotaono
578 2049 838 2215 desperatum
853 2050 975 2115 raetos
990 2049 1035 2114 ud
1049 2048 1254 2116 admiralium

715 2171 736 2215 a
812 2170 888 2214 sum.

298 2281 398 2347 Misit
427 2303 511 2365 ergo
545 2282 684 2347 nuntios
719 2281 965 2347 secretissimos
996 2299 1073 2344 oum
1107 2281 1326 2350 festinatione

237 2401 383 2459 summa,
406 2382 564 2447 videlicet
584 2381 752 2447 Thomam
774 2381 1029 2446 Herdintonum
1050 2387 1086 2444 et
1104 2379 1326 2465 Radulpbum

235 2481 344 2544 tilium
359 2481 497 2547 Nicolai
513 2481 650 2560 milites,
665 2489 700 2547 et
714 2480 904 2546 Robertum
921 2480 963 2544 de
978 2479 1136 2545 Londino
1152 2482 1325 2561 clericum,

235 2580 280 2643 ad
310 2581 526 2646 admiralium
559 2581 791 2658 Murmelium,
818 2599 932 2663 regem
960 2598 1122 2661 magnum
1151 2579 1325 2663 Apbricae,

237 2679 445 2746 Marroobiee
465 2689 502 2746 et
528 2680 721 2764 Hispaniae,
742 2699 844 2763 quem
866 2680 990 2762 vulgus
1011 2678 1324 2746 Miramumeliuum

235 2787 351 2859 vocat,
366 2780 565 2862 significans
579 2780 700 2857 eidem,
722 2781 814 2863 quod
832 2798 871 2843 se
888 2786 923 2842 et
938 2797 1080 2860 regnum
1100 2797 1199 2843 suum
1216 2780 1325 2845 liben-

234 2886 287 2942 ter
302 2879 459 2944 redderet
472 2879 580 2944 eidem
596 2889 632 2946 et
648 2879 786 2944 dederet
802 2886 839 2943 et
850 2877 1002 2943 deditum
1022 2885 1154 2943 teneret
1167 2879 1212 2942 ab
1235 2879 1324 2961 ipso,

233 2978 264 3040 si
279 2978 430 3062 placeret
445 2980 489 3057 ei,
505 2980 569 3043 sub
586 2980 734 3058 tribut03
757 2996 890 3042 necnon
903 2984 938 3041 et
950 2977 1061 3057 legem
1078 2976 1322 3058 Christianam,

233 3097 338 3159 quam
360 3096 483 3144 vanam
500 3079 646 3156 censuit,
661 3077 856 3161 relinquens
871 3075 940 3159 legi
966 3075 1156 3140 Muhometi
1179 3075 1325 3144 fideliter

232 3176 434 3244 adbaereret
487 3178 588 3258 Quod
603 3197 680 3243 cum
695 3176 778 3242 dicti
794 3175 905 3240 nuntii
930 3175 1094 3241 secretius
1116 3174 1257 3242 relaturi
1279 3178 1322 3243 ad

231 3278 362 3343 curium
390 3279 474 3344 dieti
496 3278 659 3362 principis
685 3276 933 3360 pervenissent,
952 3275 1156 3340 invenerunt
1184 3275 1228 3341 ud
1252 3279 1324 3360 pri-

231 3395 325 3440 mam
351 3386 487 3460 portam
513 3377 646 3461 aliquot
670 3376 795 3440 milites
822 3383 973 3440 armatos
990 3374 1168 3439 introitum
1193 3377 1321 3441 arctius

230 3477 466 3542 custodientes
490 3477 614 3558 gladiis
639 3476 843 3559 evaginatis.
893 3474 949 3540 Ad
966 3474 1153 3539 secundum
1168 3494 1250 3542 vero
1263 3494 1321 3540 os·

231 3575 332 3653 tium,
356 3578 488 3643 scilicet
513 3576 646 3660 palatii,
668 3575 783 3658 plures
808 3577 1011 3639 invenerunt
1034 3574 1160 3639 milites
1185 3575 1228 3639 ad
1257 3595 1320 3640 un-

228 3693 334 3755 guem
360 3684 524 3753 armatos,
544 3684 580 3740 et
605 3673 774 3758 prioribus
800 3674 1004 3755 elegantius,
1027 3674 1165 3739 ensibus
1190 3675 1320 3739 strictis

231 3774 425 3856 ingressum
454 3775 637 3858 diligenter
660 3774 903 3850 custodientes,
932 3791 974 3838 ac
999 3773 1077 3838 aliis
1101 3773 1259 3838 fortiores
1284 3781 1320 3839 et

230 3874 426 3940 nobiliores.
478 3875 520 3939 In
545 3874 635 3940 ostio
660 3893 742 3939 vero
766 3873 908 3937 thalami
931 3871 1111 3949 interioris,
1133 3872 1241 3937 multo
1265 3892 1320 3936 se·

228 3974 381 4039 cundum
400 3975 635 4059 apparentiam
654 3973 863 4038 robustiores
884 3979 920 4036 et
942 3970 1135 4046 ferociores,
1152 3977 1187 4035 et
1204 3971 1319 4052 plures

228 4074 411 4155 prioribus.
464 4073 550 4139 Cum
580 4081 695 4138 autem
720 4072 861 4155 pacifice
889 4068 1086 4145 introducti,
1113 4088 1157 4133 ex
1181 4069 1320 4133 licentia

227 4173 341 4255 ipsius
355 4174 536 4250 admiralii,
550 4193 649 4257 quem
665 4191 780 4254 regem
797 4189 959 4253 magnum
976 4176 1113 4245 vocant,
1126 4168 1193 4250 ipsi
1207 4168 1319 4232 nuntii

228 4279 266 4336 et
296 4273 372 4338 rice
399 4273 527 4338 domini
557 4273 624 4349 sui,
660 4272 751 4353 regis
782 4271 913 4336 scilicet
946 4266 1098 4350 Angliae,
1126 4275 1320 4332 reverenter

228 4370 455 4450 salutassent,
481 4380 715 4455 exposuerunt
739 4388 878 4435 causam
906 4368 1075 4433 adventus
1094 4367 1148 4430 sui
1174 4366 1320 4448 plenius,

227 4472 387 4536 chartam
405 4472 535 4555 regiam
556 4472 588 4535 ei
608 4471 843 4554 porrigentem
867 4486 971 4551 quam
989 4466 1125 4550 quidem
1142 4466 1321 4548 interpres,

227 4573 290 4654 qui
319 4591 473 4654 praesens
490 4577 633 4638 vocatus
658 4568 790 4646 aderat,
817 4567 991 4632 evidenter
1014 4564 1188 4650 patefecit.
1241 4564 1320 4644 Quo
