3334 5734
577 804 773 854 nucrronus
798 804 931 853 vonis.
1280 791 1303 854 3

216 986 399 1053 multorum
428 986 591 1071 reliquias
617 1006 654 1051 se
685 986 831 1051 fideliter
859 984 903 1049 ad
926 985 1095 1069 quendam
1119 986 1298 1051 terminum

216 1087 473 1169 completurum.
528 1086 643 1152 Tanto
673 1086 779 1168 igitur
808 1085 931 1169 majori
962 1084 1089 1149 honore
1118 1094 1299 1168 susceptus

216 1190 280 1261 est,
309 1194 439 1269 quanto
470 1187 633 1250 secretius
662 1185 901 1265 adventasset3
934 1183 1070 1248 fuerant
1099 1185 1189 1248 enim
1217 1193 1298 1249 ante

215 1283 342 1348 inimici
370 1285 414 1349 ad
444 1286 600 1350 invicem.
652 1282 676 1349 J
678 1283 791 1349 oravit
815 1284 954 1366 insuper
982 1302 1020 1347 se
1046 1290 1126 1366 post
1153 1291 1296 1348 mortem

215 1384 306 1464 regis
323 1383 494 1462 Edwardi,
517 1384 576 1467 qui
593 1382 668 1468 jam
692 1382 805 1448 senuit
821 1384 896 1447 sine
916 1382 1045 1460 liberis,
1066 1401 1209 1465 regnum
1223 1381 1298 1448 An-

215 1481 295 1563 gliae
315 1482 405 1562 duci,
422 1484 482 1567 qui
499 1483 536 1547 in
560 1501 702 1565 regnum
719 1482 779 1567 jus
799 1481 929 1559 habuit,
954 1481 1099 1546 iidelitcr
1118 1501 1298 1547 conserva-

214 1586 339 1646 turum.
391 1582 644 1648 Consummatis
660 1581 766 1664 igitur
790 1580 921 1663 aliquot
936 1580 1056 1645 diebus
1071 1600 1147 1644 cum
1163 1600 1297 1647 summa

213 1677 346 1757 laetitia,
374 1682 497 1765 amplis
525 1682 722 1746 muneribus
744 1679 875 1745 ditatus
893 1679 931 1743 in
955 1678 1116 1761 Angliam
1138 1699 1296 1745 reversus

213 1786 267 1844 est
279 1778 472 1862 Harnldus3
494 1780 555 1845 sed
577 1800 654 1845 cum
675 1781 712 1844 in
733 1786 810 1844 tuto
831 1780 1095 1843 constitueretur
1108 1779 1295 1863 jactitabat

214 1895 252 1941 se
277 1877 419 1962 laqueos
449 1880 600 1945 evasisse
623 1878 776 1956 hostiles,
800 1877 941 1963 perjurii
965 1877 1091 1943 crimen
1119 1878 1295 1961 elegendo.

213 1974 428 2043 Adveniente
442 1979 551 2061 igitur
566 1979 721 2055 termino,
738 1996 806 2060 qno
819 1984 943 2041 cuncto
957 1976 1118 2059 compleri
1134 1977 1295 2043 deberent

213 2076 393 2157 promissa,
416 2084 452 2142 et
474 2078 549 2161 jam
571 2077 699 2160 elapso,
724 2075 920 2140 nihilfecit.
972 2076 1071 2141 Misit
1090 2077 1196 2159 igitur
1221 2077 1293 2142 dux

213 2174 258 2238 sd
275 2193 352 2239 eum
372 2176 510 2241 nuntios
529 2175 698 2254 solennes,
722 2194 862 2239 causam
884 2194 1059 2257 quaerens3
1086 2174 1146 2240 sed
1164 2175 1294 2241 Horol-

211 2271 277 2337 dus
290 2273 438 2339 mendax
458 2281 494 2339 et
510 2276 689 2357 superbus,
703 2275 817 2339 omnia
829 2274 1017 2358 praelocuta
1032 2276 1221 2357 procaciter
1232 2276 1292 2340 de·

210 2373 382 2454 negando,
399 2375 537 2438 nuntios
559 2375 705 2458 turpiter
722 2373 911 2449 lacessitos,
926 2373 1092 2457 jumentis
1113 2375 1292 2453 mutilatis,

208 2473 350 2538 remisit.
401 2473 485 2538 an
509 2473 616 2555 igitur
638 2473 759 2537 merito
787 2481 1005 2555 provocatus,
1038 2493 1153 2556 regem
1185 2474 1294 2538 Frau-

208 2589 339 2649 corum,
365 2579 401 2637 et
425 2591 542 2638 omnes
565 2573 707 2650 vicinos,
730 2577 901 2655 parentes,
927 2578 963 2636 et
986 2572 1113 2638 amicos
1138 2591 1221 2638 suos
1246 2573 1291 2638 ad

208 2669 375 2735 ultionem
403 2678 511 2736 mutar
536 2670 672 2756 injurie
697 2671 883 2749 excitavit3
914 2669 974 2734 sed
995 2670 1067 2736 dux
1084 2671 1291 2750 Willelmus,

206 2768 359 2834 Domino
376 2769 539 2835 ultionem
556 2770 714 2855 juvante,
729 2769 906 2853 Angliam,
927 2770 1003 2852 ipso
1020 2770 1180 2848 contrito,
1201 2773 1291 2836 siout

204 2869 420 2952 subsequens
437 2878 554 2935 namot
569 2869 723 2947 historia,
740 2869 806 2934 sibi
817 2868 1033 2952 conquisivit.

258 2965 362 3033 Anno
390 2970 512 3051 grntiae
541 2969 719 3033 millesimo
754 2968 969 3048 sexagesimo
997 2974 1097 3032 sexto
1128 2967 1291 3050 pacificos

201 3083 271 3129 rex
299 3067 501 3145 Edwardus,
519 3065 712 3153 Anglorum
732 3066 847 3142 decus,
874 3065 966 3146 regis
991 3064 1164 3129 Ethelredi
1188 3065 1290 3145 filius,

201 3172 391 3249 postquam
420 3166 546 3248 viginti
574 3173 723 3250 quatuor
755 3163 855 3229 annis
884 3171 1072 3246 regnasset,
1104 3164 1141 3228 in
1171 3165 1291 3246 vigilio

201 3263 410 3348 Epiphaniae
438 3265 591 3343 Domini,
616 3263 702 3328 feria
730 3263 862 3346 quinta,
886 3281 950 3345 pro
979 3282 1085 3344 regno
1112 3264 1292 3346 temporali
1398 3350 1399 3353 Ἴ

201 3364 433 3429 commutavit
458 3371 634 3428 internum.
685 3361 878 3427 Defunctus
902 3367 1018 3426 autem
1049 3380 1111 3425 rex
1134 3363 1290 3427 beatissi-

201 3481 295 3541 mus,
311 3463 348 3527 in
369 3462 519 3528 crastino
536 3461 691 3547 sepultus
715 3467 770 3526 est
785 3459 945 3537 Londini,
962 3460 999 3524 in
1017 3460 1173 3538 ecclesia,
1186 3480 1289 3544 quam

202 3561 280 3644 ipse
297 3581 387 3627 novo
403 3561 658 3645 compositionis
674 3579 798 3643 genere
815 3566 1068 3637 construxerat,
1085 3578 1109 3623 a
1125 3578 1195 3643 qna
1210 3567 1291 3643 post

202 3661 306 3725 multi
320 3662 482 3727 ecclesias
495 3666 742 3738 construentes,
754 3657 949 3741 exemplum
960 3657 1089 3741 adepti,
1103 3677 1190 3741 opos
1203 3657 1289 3723 illud

203 3761 368 3843 expensis
384 3761 632 3825 semulaboutur
647 3759 867 3842 sumptuosis.
903 3756 949 3821 In
965 3756 1030 3820 hoc
1047 3756 1192 3841 deniqne
1208 3776 1290 3840 rege

156 3906 159 3910 Α
203 3857 299 3923 linea
312 3878 431 3943 regum
444 3857 583 3943 Angliae
597 3857 823 3942 defecitque
840 3876 862 3921 a
877 3854 1033 3920 Cerdicio
1050 3856 1160 3939 primo
1172 3856 1289 3922 Wcst·

206 3975 378 4022 saxonum
395 3977 488 4040 rege,
509 3978 555 4024 ex
568 3955 703 4040 Anglis,
725 3954 921 4041 quingentis
936 3961 972 4019 et
987 3955 1207 4038 septuaginta
1219 3974 1288 4020 nno

205 4057 308 4120 annis
325 4076 394 4122 non
414 4057 542 4141 legitur
557 4057 759 4140 interrupta,
776 4062 901 4139 prester
920 4072 1050 4136 pancos
1068 4054 1199 4131 Dauos,
1216 4054 1288 4136 qni,

204 4156 358 4239 peccatis
371 4156 587 4239 exigentibus
605 4157 716 4240 gentis
732 4154 937 4237 Anglornm,
953 4152 1151 4236 aliquandiu
1168 4170 1289 4234 regna·

204 4262 341 4320 verunt.
381 4255 553 4322 Defuncto
569 4256 685 4339 itaque
702 4253 872 4320 Eduardo
885 4252 1077 4333 Anglorum
1092 4268 1175 4333 rege
1188 4270 1288 4315 sanc·

204 4353 349 4433 ῐὶεείωο,
370 4355 406 4418 in
426 4374 493 4437 quo
512 4355 604 4420 linea
630 4374 748 4437 regum
763 4352 902 4436 Angliae
918 4349 1053 4427 defecit,
1074 4349 1288 4417 fluctuabant

204 4472 363 4535 proceres
382 4455 479 4537 regni
502 4474 603 4538 quem
624 4454 661 4518 in
683 4472 797 4537 regem
821 4451 1033 4536 praeficerent
1053 4455 1089 4514 ct
1108 4457 1286 4515 rectorem.

205 4550 355 4630 Quidam
382 4555 474 4618 enim
506 4553 692 4632 Wiilelmo,
724 4552 1000 4618 Normannorum
1030 4548 1121 4627 duci,
1148 4549 1286 4632 quidam

1101 4670 1116 4706 n
1132 4661 1149 4707 2
