3334 5734
370 676 421 741 76
740 688 938 739 anemonae
960 688 1093 738 ventu.

382 816 439 853 utu.
462 814 513 851 Uli.

375 873 451 954 327,
466 878 518 952 31,
535 881 624 961 qam
642 922 649 938 .
665 922 673 937 .
688 921 719 937 ..
768 882 930 959 nequeat,
944 875 990 940 ad
1006 882 1042 940 te
1058 872 1236 958 appellare
1247 880 1367 959 queat.

538 980 692 1059 coacescat

376 1099 451 1174 329,
489 1095 690 1173 &cadmia
771 1095 801 1159 si
817 1094 931 1180 hujus.

374 1263 424 1275 -
489 1222 519 1297 8,
537 1217 709 1304 eiplarcec
770 1217 861 1299 quod
878 1216 986 1301 pluris
1003 1223 1064 1282 est.

372 1382 425 1393 —
469 1342 522 1422 17,
532 1364 641 1429 preca
771 1360 888 1405 curva.

375 1506 426 1517 -
469 1466 653 1552 lajacum
772 1463 968 1530 secundam.

375 1627 426 1638 —
469 1588 686 1666 20‚aeca’tiaa
772 1589 823 1654 ita
838 1597 889 1654 ut.

379 1751 429 1762 -
473 1715 524 1791 29,
542 1711 722 1796 campana.
773 1711 907 1794 accepit
935 1718 971 1776 et
996 1711 1092 1796 pacis
1123 1712 1318 1777 statuendae
1342 1714 1464 1795 passim

522 1810 672 1897 populata
794 1831 857 1896 per
874 1811 1089 1877 Britanniam
1113 1812 1289 1877 studiosae
1308 1812 1387 1890 fuit,
1401 1814 1465 1877 ani·

795 1930 852 1975 mo
869 1909 951 1975 cleri
966 1918 1066 1976 tarrae
1085 1912 1179 1977 illius
1199 1913 1265 1978 sihi
1286 1912 1467 1977 conciliato

796 2018 832 2075 et
845 2010 974 2094 populi.

381 2133 678 2214 330,16,atdamaa
774 2133 919 2199 videtur.

379 2298 429 2308 -
473 2260 526 2336 26,
543 2257 664 2322 maino
775 2257 1044 2342 archiepiscopo.

381 2422 431 2433 -
475 2381 526 2461 27,
546 2382 696 2462 Quoniam
774 2380 862 2446 dccet.

383 2511 456 2585 331,
495 2505 577 2585 Lei
607 2504 664 2571 tihi
689 2527 729 2570 cc
775 2506 971 2573 aedsitihi.

545 2607 608 2670 iaie

379 2767 430 2779 —
473 2733 524 2807 33,
535 2730 705 2816 peractam
775 2728 997 2812 provinciam.

384 2859 458 2934 332,
495 2859 528 2931 4,
545 2855 637 2939 officii
652 2903 661 2918 .
776 2852 900 2932 officio,
916 2853 1062 2930 ratione,
1079 2853 1218 2939 etjure.

538 2976 625 3039 μου

382 3116 433 3127 -
477 3079 529 3156 16,
542 3077 689 3142 scatentia
701 3125 728 3141 ..
777 3073 981 3140 sententiam
998 3075 1033 3138 in
1048 3074 1160 3157 ipsum
1177 3073 1284 3137 latam
1300 3079 1345 3137 et.

547 3176 731 3260 hiesuietot

384 3301 459 3377 333,
496 3302 527 3375 8,
541 3300 673 3363 sciturae
777 3293 900 3359 sciens.

382 3457 434 3471 -
477 3425 528 3499 10,
542 3421 697 3485 inventiam
779 3420 1008 3483 inventurum.

308 3584 310 3591 ,
383 3580 435 3593 -
478 3545 529 3622 26,
537 3565 607 3630 pcc
622 3565 681 3609 oeae
696 3544 731 3607 ia
778 3560 898 3625 pacem
913 3541 1130 3606 eseeinitam.

541 3664 653 3728 ycama

385 3774 459 3849 334,
497 3775 530 3850 4,
543 3769 703 3836 videbatur
781 3761 858 3826 The
879 3760 1019 3826 Cotton.
1035 3759 1113 3825 MS.
1136 3758 1222 3825 adds
1242 3759 1336 3839 here,
1352 3759 1472 3825 ‘Hen-

804 3862 895 3924 ricua
931 3860 1178 3942 primogenitus
1210 3860 1301 3942 rogis
1332 3859 1473 3925 Henrici

803 3959 896 4043 apud
913 3958 1256 4024 westmonasterium
1279 3959 1335 4024 dic
1354 3959 1392 4025 S.
1407 3960 1474 4024 Ba·

803 4058 873 4124 silii
896 4077 918 4123 a
940 4058 1092 4141 Regem,
1108 4058 1363 4142 archiepiscopo
1386 4058 1475 4126 Ehe·

804 4158 951 4236 racensi,
970 4166 1090 4222 contra
1108 4158 1301 4223 libertatem
1325 4157 1476 4222 ecclcsiae

689 4302 690 4305 κ
806 4256 1065 4323 Cantuaricnsia
1080 4264 1264 4324 coronatus
1276 4253 1352 4334 est,’
1367 4256 1476 4322 which
1524 4284 1527 4288 ·

806 4356 864 4421 the
895 4356 1101 4439 Cambridge
1134 4357 1210 4422 MS.
1242 4356 1306 4422 has
1338 4376 1383 4421 on
1420 4356 1478 4421 the

805 4456 951 4538 margin.
996 4455 1166 4540 Compare
1179 4457 1248 4522 vol.
1263 4457 1299 4521 ii.
1315 4477 1349 4540 p.
1366 4456 1440 4521 364.
