3334 5734
541 797 741 847 nncrtouns
764 798 896 848 VARIAE.
1214 782 1281 848 249

239 999 295 1044 ma
323 979 542 1045 festinatione
567 980 610 1046 de
638 982 781 1064 triginta
809 981 1013 1046 milliaribus
1040 988 1161 1064 raptus
1191 1000 1281 1064 equo

238 1079 452 1145 velocissimo
475 1079 518 1144 ad
546 1099 651 1159 eum3
678 1081 737 1145 sed
760 1081 921 1146 defuncto
941 1081 1016 1165 jam
1038 1081 1155 1157 fratre,
1179 1100 1280 1163 quem

240 1179 322 1243 totis
343 1178 532 1244 visceribus
563 1182 744 1245 tenerrime
773 1180 951 1264 diligebat,
974 1200 1037 1245 nec
1066 1199 1196 1257 vocem,
1217 1198 1280 1244 neo

239 1297 387 1356 sensum,
401 1279 560 1343 membris
571 1280 644 1363 jarn
663 1280 855 1362 rigentibus
872 1288 907 1345 et
920 1280 1127 1363 algentibus,
1138 1279 1278 1344 invenit.

240 1377 546 1461 lachrymabiliter
564 1379 673 1462 igitur
694 1379 958 1457 vociferabatur,
977 1379 1105 1458 diceus,
1121 1385 1131 1413 ‘
1146 1376 1281 1462 Adjnro

239 1486 274 1541 te
291 1497 352 1560 per
364 1477 550 1542 Dominum
567 1485 606 1544 ut
621 1497 753 1543 mecum
769 1480 935 1562 loquaris,
951 1479 1058 1544 irater
1071 1478 1268 1543 carissima'

199 1617 256 1655 rto.
280 1616 332 1654 ult.

189 1681 264 1756 155,
281 1680 333 1755 25,
347 1678 519 1766 ingenito·
582 1700 662 1745 cum
679 1680 813 1765 eJnlatu
827 1681 1065 1764 ingeminaret.

354 1788 401 1843 ret

187 1943 238 1955 -
282 1899 474 1978 27,iolerto
586 1916 711 1980 perse.
809 1979 812 1984 Ι

186 2064 239 2079 ..
283 2027 337 2098 29,
352 2032 515 2089 morosae
589 2030 661 2085 tam
676 2021 872 2105 importuno
890 2018 1039 2085 clamore
1055 2029 1259 2086 revocasset.

190 2149 265 2225 156,
303 2150 335 2225 5,
353 2168 429 2233 opor
589 2143 682 2209 aare
709 2143 832 2220 Paria,
865 2143 969 2208 immo
1001 2144 1214 2228 opusculum,
1247 2152 1282 2209 et

611 2262 715 2307 unum
740 2260 876 2321 munus,
903 2243 1006 2307 immo
1031 2244 1283 2322 munusculum,

607 2341 751 2407 contuli.

188 2506 240 2521 -
303 2504 330 2518 -
347 2464 539 2552 virginitatis
586 2466 727 2549 virginis
751 2466 885 2544 Mariae,
905 2486 967 2551 per
988 2464 1081 2549 quod
1099 2464 1167 2530 Dei
1181 2466 1283 2531 mise·

351 2612 360 2629 .
376 2565 479 2650 ..soci
608 2565 757 2631 ricordia
771 2574 902 2631 certam
918 2585 1020 2650 spero
1035 2565 1282 2631 liberationem.

190 2730 241 2743 -
286 2692 337 2766 13,
353 2710 446 2774 qoam
464 2735 473 2752 .
490 2734 522 2751 ..
586 2690 740 2755 honestis
774 2689 930 2773 personis
962 2686 1187 2766 incolendam,
1223 2689 1283 2770 qui

352 2789 538 2869 effectorum-
608 2808 671 2874 pro
699 2788 904 2853 liberatione
929 2787 1119 2851 animarum
1149 2795 1284 2851 nostra-

349 2886 433 2972 plrro
609 2908 685 2952 rum
710 2887 896 2952 Dominum
915 2884 1123 2950 aetemnliter
1145 2886 1284 2951 invoca-

610 2989 706 3052 bunt.
754 2985 948 3070 Respondit
974 2983 1143 3066 Rogerus,
1171 2984 1284 3049 ‘Anx-

610 3086 680 3151 iliis
703 3085 831 3150 talibus
860 3084 1004 3149 multum
1032 3082 1191 3165 indigem
1223 3083 1283 3148 sed

609 3185 705 3263 nihil,
730 3203 860 3268 quaeso,
891 3182 974 3248 mihi
1001 3182 1194 3265 promittas,
1216 3183 1282 3247 uisi

610 3284 703 3369 quod
725 3283 899 3348 desideras
921 3291 956 3348 et
979 3281 1128 3347 volueris
1148 3281 1283 3347 effectui

608 3382 821 3467 mancipari'

187 3552 239 3565 -
285 3512 336 3587 20,
353 3509 498 3575 irteoderu
584 3507 702 3574 desem.

354 3629 436 3673 uoco

188 3775 240 3787 -
285 3730 508 3810 21,ubbotiom
586 3724 726 3788 domurn
739 3721 924 3804 religionis.

189 3898 241 3911 -
286 3857 339 3933 22,
357 3864 531 3921 mmmm
587 3846 800 3913 constituens
815 3843 970 3909 eandem.

187 4119 239 4131 -
283 4079 338 4153 30,
350 4076 459 4143 electro
473 4086 516 4142 ert
588 4069 718 4134 electus
734 4074 800 4144 est,
815 4062 1023 4149 postulatus.

189 4198 268 4276 157,
288 4200 542 4286 lampaverunt
588 4188 803 4275 imperatoris
819 4188 1053 4254 Romanorum
1070 4182 1252 4248 Frederici.

185 4365 239 4378 -
286 4326 340 4400 31,
356 4324 512 4409 respiraro
587 4313 888 4389 odditParis.,vix
898 4306 1090 4392 Charybdis
1101 4308 1282 4390 voragines

611 4416 769 4493 transire,
780 4413 841 4477 vix
858 4432 881 4477 a
896 4409 1012 4495 Scylla
1028 4406 1206 4474 declinare.

189 4548 266 4623 161,
285 4548 338 4623 34,
354 4565 532 4611 comorrerr·
588 4539 850 4605 committentes.

359 4654 401 4708 let
