3334 5734
782 755 916 824 282
1510 769 1908 820 cuonone
1953 769 2217 820 unm.

886 962 1104 1021 totam
1132 953 1501 1037 Anglinm3
1552 974 1598 1019 a
1628 954 1831 1040 cujus
1862 952 2191 1019 lateribus
2222 951 2510 1018 exibant
2534 952 2952 1033 semicirculi,

884 1057 957 1121 in
1005 1073 1293 1140 quorum
1342 1055 1761 1120 sectionibus
1812 1059 2279 1138 apparuerunt
2305 1052 2409 1117 illi
2443 1059 2743 1137 quatuor
2784 1053 2953 1119 soloe

887 1154 1265 1231 memorati,
1285 1173 1451 1221 vero
1475 1154 1622 1220 sole
1644 1155 1987 1220 existente
2015 1154 2088 1219 in
2119 1154 2331 1237 plaga
2353 1153 2695 1231 orientali,
2720 1160 2793 1218 et
2807 1173 2955 1219 aere

885 1253 1284 1340 purissimo;
1327 1262 1401 1320 et
1430 1254 1755 1339 quonium
1789 1274 1928 1320 nou
1956 1260 2187 1338 potest
2201 1252 2372 1318 illud
2400 1251 2785 1336 prodigiale
2813 1274 2955 1337 por-

887 1361 1150 1421 tentum
1182 1355 1410 1420 verbis
1443 1354 1758 1434 describi,
1796 1356 1997 1437 signo
2035 1352 2575 1419 demonstrativo
2606 1352 2954 1436 figuratur.

888 1454 1056 1539 Ipso
1080 1454 1254 1519 caelo
1281 1454 1382 1520 sic
1414 1454 1743 1521 circinato
1772 1455 2115 1521 existente
2143 1452 2543 1537 exemplari,
2575 1452 2955 1518 immediate

885 1554 1083 1620 multi
1108 1553 1619 1620 similitudinem
1642 1555 1743 1621 rei
1774 1556 1874 1621 sic
1904 1553 2303 1640 apparentis
2334 1553 2729 1638 pinxerunt,
2765 1572 2955 1637 prop-

1851 1714 2145 1767 AUSTER.

2474 2106 2527 2491 ‘sut-Iamno

1754 2805 2221 2860 SEPTENTRIO.

1004 2925 1212 2990 Signum
1245 2927 1299 2975 in
1328 2924 1454 2975 celo
1483 2923 1799 2988 admirabile,
1818 2926 1982 2976 visum
2002 2928 2056 2976 in
2076 2927 2265 2991 Anglin
2284 2941 2414 2979 anno
2434 2926 2642 2978 Domini
2664 2938 2962 2987 noexxxm„

934 3000 1076 3045 sexto
1095 2996 1212 3047 idus
1231 2995 1443 3059 Aprilis,
1461 2995 1603 3056 regni
1619 3010 1738 3044 vero
1760 2994 1969 3046 Hem-ici
1986 2998 2122 3047 tertii
2136 3012 2267 3047 anno
2286 2998 2482 3049 decimo
2496 2998 2727 3061 septimo.
2806 2997 2962 3046 Dura·

933 3066 1008 3115 vit
1025 3067 1092 3116 ub
1112 3072 1224 3116 ortu
1247 3066 1370 3116 nolio
1387 3077 1550 3127 nsque
1569 3064 1639 3115 ud
1658 3065 1936 3117 meridiem.

895 3230 1001 3287 ter
1029 3224 1129 3288 rei
1159 3224 1537 3289 novitatem
1571 3220 2062 3287 admirandum.
2165 3221 2345 3289 Haec
2374 3224 2551 3290 visio
2585 3221 2821 3288 multis
2849 3240 2959 3306 ap-

893 3323 1147 3405 paruit,
1177 3343 1267 3388 ex
1301 3322 1548 3406 quibus
1580 3339 1762 3385 nnus
1791 3321 1922 3386 suit
1949 3321 1996 3386 J
2000 3323 2327 3403 ohannes,
2351 3324 2718 3409 episcopus
2749 3322 2962 3387 Here-

893 3422 1235 3501 sortensis,
1282 3421 1403 3507 qui
1442 3420 1701 3504 figuras
1761 3440 1992 3487 coram
2049 3441 2125 3489 se
2179 3441 2319 3487 non
2371 3423 2799 3500 festinanter,
2849 3420 2960 3487 sed

892 3521 1120 3605 spatio
1161 3520 1546 3599 sufficienti,
1590 3519 1754 3585 fecit
1798 3521 2112 3587 circinari
2150 3542 2276 3606 per
2310 3541 2586 3588 manum
2634 3521 2964 3607 capellani

892 3620 1000 3684 sui
1035 3620 1236 3686 nimis
1272 3620 1687 3706 perspicacis
1727 3625 1799 3686 et
1827 3621 2189 3704 ingeniosi,
2220 3622 2478 3687 domini
2514 3622 2778 3688 scilicet
2799 3620 2963 3687 Wil-

893 3719 1078 3785 lelmi
1125 3721 1456 3786 canonici.
1559 3719 1654 3784 Et
1713 3719 1801 3785 ad
1856 3720 2036 3786 idem
2089 3721 2443 3788 insolitum
2501 3722 2961 3805 spectaculum

893 3820 1116 3885 astitit
1166 3820 1213 3885 J
1217 3820 1520 3888 ohannes
1576 3819 1661 3883 de
1713 3819 2088 3886 Munemue
2132 3828 2205 3886 et
2250 3821 2370 3887 alii
2418 3821 2962 3898 innumerabileS,

892 3920 1011 4003 qui
1039 3920 1127 3985 de
1158 3929 1300 3987 tam
1332 3918 1711 3986 incredibili
1750 3919 2080 3986 miraculo
2115 3921 2581 3987 testimonium
2614 3921 2966 4006 perhibent

891 4021 1208 4104 veritati3
1258 4028 1331 4087 et
1360 4038 1600 4087 verum
1628 4025 1736 4084 est
1763 4038 1998 4084 eorum
2032 4021 2516 4087 testimonium.

811 4173 924 4211 me.
971 4173 1075 4212 U!-

793 4249 946 4331 267,
983 4255 1085 4332 18,
1119 4254 1437 4333 memorati
1581 4248 1766 4316 addit
1846 4248 2087 4331 ParIs.,
2159 4250 2452 4336 Scripsit
2518 4251 2729 4317 etiam
2792 4250 2963 4315 idem

1625 4350 1989 4434 episcopus
2034 4350 2454 4436 imperatori,
2497 4359 2579 4417 ut
2618 4370 2778 4417 suas
2814 4369 2964 4434 par-

1626 4457 1734 4516 tes
1776 4451 2240 4535 interponeret
2264 4452 2449 4518 circa
2479 4451 2962 4536 promotionem

1626 4549 1940 4634 praedicti
1985 4550 2032 4615 J
2035 4551 2326 4617 ohannis
2379 4571 2623 4617 versus
2675 4568 2961 4636 papam3
