<?xml version="1.0" encoding="UTF-8"?>
<!DOCTYPE html PUBLIC "-//W3C//DTD XHTML 1.0 Transitional//EN"
    "http://www.w3.org/TR/xhtml1/DTD/xhtml1-transitional.dtd">
<html xmlns="http://www.w3.org/1999/xhtml" xml:lang="en" lang="en">
 <head>
  <title>
</title>
<meta http-equiv="Content-Type" content="text/html;charset=utf-8" />
  <meta name='ocr-system' content='tesseract 3.04.00' />
  <meta name='ocr-capabilities' content='ocr_page ocr_carea ocr_par ocr_line ocrx_word'/>
</head>
<body>
  <div class='ocr_page' id='page_1' title='image "appendixadroger01parigoog_0110.png"; bbox 0 0 3334 5734; ppageno 0'>
   <div class='ocr_carea' id='block_1_1' title="bbox 748 698 1104 749">
    <p class='ocr_par' dir='ltr' id='par_1_1' title="bbox 748 698 1104 749">
     <span class='ocr_line' id='line_1_1' title="bbox 748 698 1104 749; baseline 0.003 -2"><span class='ocrx_word' id='word_1_1' title='bbox 748 698 948 749; x_wconf 70' lang='lat' dir='ltr'><strong>bactrum</strong></span> <span class='ocrx_word' id='word_1_2' title='bbox 970 700 1104 748; x_wconf 75' lang='lat' dir='ltr'><strong>VABlAE.</strong></span> 
     </span>
    </p>
   </div>
   <div class='ocr_carea' id='block_1_2' title="bbox 429 882 1480 1962">
    <p class='ocr_par' dir='ltr' id='par_1_2' title="bbox 429 882 1480 1962">
     <span class='ocr_line' id='line_1_2' title="bbox 429 882 1478 966; baseline -0.002 -19"><span class='ocrx_word' id='word_1_3' title='bbox 429 890 511 947; x_wconf 87' lang='lat' dir='ltr'><strong>suut</strong></span> <span class='ocrx_word' id='word_1_4' title='bbox 537 882 828 965; x_wconf 78' lang='lat' dir='ltr'><strong>Hierosolymam.</strong></span> <span class='ocrx_word' id='word_1_5' title='bbox 881 882 1084 947; x_wconf 82' lang='lat' dir='ltr'><strong>Frcdericus</strong></span> <span class='ocrx_word' id='word_1_6' title='bbox 1100 884 1289 966; x_wconf 89' lang='lat' dir='ltr'><strong>imperator</strong></span> <span class='ocrx_word' id='word_1_7' title='bbox 1316 883 1414 946; x_wconf 88' lang='lat' dir='ltr'><strong>venit</strong></span> <span class='ocrx_word' id='word_1_8' title='bbox 1436 883 1478 945; x_wconf 82' lang='lat' dir='ltr'><strong>ud</strong></span> 
     </span>
     <span class='ocr_line' id='line_1_3' title="bbox 430 981 1478 1066; baseline -0.001 -20"><span class='ocrx_word' id='word_1_9' title='bbox 430 983 534 1066; x_wconf 84' lang='lat' dir='ltr'><strong>pedes</strong></span> <span class='ocrx_word' id='word_1_10' title='bbox 561 982 752 1047; x_wconf 80' lang='lat' dir='ltr'>Alexandri</span> <span class='ocrx_word' id='word_1_11' title='bbox 779 1001 900 1066; x_wconf 81' lang='lat' dir='ltr'><strong>papoe3</strong></span> <span class='ocrx_word' id='word_1_12' title='bbox 926 981 1060 1047; x_wconf 83' lang='lat' dir='ltr'><strong>audivit</strong></span> <span class='ocrx_word' id='word_1_13' title='bbox 1086 984 1176 1046; x_wconf 90' lang='lat' dir='ltr'><strong>euim</strong></span> <span class='ocrx_word' id='word_1_14' title='bbox 1206 990 1244 1047; x_wconf 84' lang='lat' dir='ltr'><strong>et</strong></span> <span class='ocrx_word' id='word_1_15' title='bbox 1268 982 1478 1046; x_wconf 84' lang='lat' dir='ltr'><strong>certificatus</strong></span> 
     </span>
     <span class='ocr_line' id='line_1_4' title="bbox 430 1081 1480 1167; baseline -0.001 -22"><span class='ocrx_word' id='word_1_16' title='bbox 430 1088 609 1167; x_wconf 86' lang='lat' dir='ltr'><strong>estsuper</strong></span> <span class='ocrx_word' id='word_1_17' title='bbox 632 1081 709 1159; x_wconf 85' lang='lat' dir='ltr'><strong>boc,</strong></span> <span class='ocrx_word' id='word_1_18' title='bbox 730 1083 822 1166; x_wconf 92' lang='lat' dir='ltr'><strong>qnod</strong></span> <span class='ocrx_word' id='word_1_19' title='bbox 848 1102 926 1146; x_wconf 90' lang='lat' dir='ltr'><strong>cum</strong></span> <span class='ocrx_word' id='word_1_20' title='bbox 946 1083 1083 1165; x_wconf 83' lang='lat' dir='ltr'><strong>sugeret</strong></span> <span class='ocrx_word' id='word_1_21' title='bbox 1104 1102 1126 1147; x_wconf 88' lang='lat' dir='ltr'><strong>a</strong></span> <span class='ocrx_word' id='word_1_22' title='bbox 1151 1083 1396 1165; x_wconf 84' lang='lat' dir='ltr'><strong>persecutione</strong></span> <span class='ocrx_word' id='word_1_23' title='bbox 1419 1081 1480 1144; x_wconf 91' lang='lat' dir='ltr'><strong>im·</strong></span> 
     </span>
     <span class='ocr_line' id='line_1_5' title="bbox 430 1181 1479 1265; baseline -0.003 -19"><span class='ocrx_word' id='word_1_24' title='bbox 430 1182 563 1264; x_wconf 87' lang='lat' dir='ltr'><strong>periali,</strong></span> <span class='ocrx_word' id='word_1_25' title='bbox 580 1187 616 1246; x_wconf 84' lang='lat' dir='ltr'><strong>et</strong></span> <span class='ocrx_word' id='word_1_26' title='bbox 633 1201 702 1246; x_wconf 90' lang='lat' dir='ltr'><strong>non</strong></span> <span class='ocrx_word' id='word_1_27' title='bbox 717 1183 833 1247; x_wconf 86' lang='lat' dir='ltr'><strong>eratei</strong></span> <span class='ocrx_word' id='word_1_28' title='bbox 847 1189 944 1247; x_wconf 85' lang='lat' dir='ltr'><strong>tutus</strong></span> <span class='ocrx_word' id='word_1_29' title='bbox 960 1183 1128 1247; x_wconf 79' lang='lat' dir='ltr'><strong>transitus</strong></span> <span class='ocrx_word' id='word_1_30' title='bbox 1143 1202 1206 1265; x_wconf 85' lang='lat' dir='ltr'><strong>per</strong></span> <span class='ocrx_word' id='word_1_31' title='bbox 1221 1190 1366 1256; x_wconf 75' lang='lat' dir='ltr'><strong>terrm,</strong></span> <span class='ocrx_word' id='word_1_32' title='bbox 1379 1181 1479 1244; x_wconf 89' lang='lat' dir='ltr'><strong>immo</strong></span> 
     </span>
     <span class='ocr_line' id='line_1_6' title="bbox 432 1282 1478 1366; baseline -0.002 -21"><span class='ocrx_word' id='word_1_33' title='bbox 432 1301 493 1364; x_wconf 81' lang='lat' dir='ltr'><strong>per</strong></span> <span class='ocrx_word' id='word_1_34' title='bbox 519 1300 625 1359; x_wconf 87' lang='lat' dir='ltr'><strong>mare,</strong></span> <span class='ocrx_word' id='word_1_35' title='bbox 650 1289 775 1346; x_wconf 80' lang='lat' dir='ltr'><strong>exorta</strong></span> <span class='ocrx_word' id='word_1_36' title='bbox 796 1288 1013 1366; x_wconf 76' lang='lat' dir='ltr'><strong>tempestate,</strong></span> <span class='ocrx_word' id='word_1_37' title='bbox 1037 1282 1225 1364; x_wconf 80' lang='lat' dir='ltr'><strong>assumpsit</strong></span> <span class='ocrx_word' id='word_1_38' title='bbox 1243 1282 1365 1346; x_wconf 86' lang='lat' dir='ltr'><strong>omnia</strong></span> <span class='ocrx_word' id='word_1_39' title='bbox 1386 1300 1478 1345; x_wconf 84' lang='lat' dir='ltr'><strong>orua-</strong></span> 
     </span>
     <span class='ocr_line' id='line_1_7' title="bbox 430 1381 1478 1465; baseline -0.001 -21"><span class='ocrx_word' id='word_1_40' title='bbox 430 1388 547 1445; x_wconf 87' lang='lat' dir='ltr'><strong>meuta</strong></span> <span class='ocrx_word' id='word_1_41' title='bbox 571 1381 711 1464; x_wconf 88' lang='lat' dir='ltr'><strong>papalia</strong></span> <span class='ocrx_word' id='word_1_42' title='bbox 739 1382 776 1446; x_wconf 93' lang='lat' dir='ltr'><strong>iu</strong></span> <span class='ocrx_word' id='word_1_43' title='bbox 799 1382 894 1460; x_wconf 77' lang='lat' dir='ltr'><strong>navi,</strong></span> <span class='ocrx_word' id='word_1_44' title='bbox 920 1382 1020 1465; x_wconf 88' lang='lat' dir='ltr'><strong>qnasi</strong></span> <span class='ocrx_word' id='word_1_45' title='bbox 1046 1382 1294 1457; x_wconf 84' lang='lat' dir='ltr'><strong>celebraturus,</strong></span> <span class='ocrx_word' id='word_1_46' title='bbox 1321 1388 1360 1445; x_wconf 87' lang='lat' dir='ltr'><strong>et</strong></span> <span class='ocrx_word' id='word_1_47' title='bbox 1385 1387 1478 1443; x_wconf 81' lang='lat' dir='ltr'><strong>stans</strong></span> 
     </span>
     <span class='ocr_line' id='line_1_8' title="bbox 430 1480 1478 1563; baseline -0.001 -19"><span class='ocrx_word' id='word_1_48' title='bbox 430 1481 613 1563; x_wconf 80' lang='lat' dir='ltr'><strong>imperavit</strong></span> <span class='ocrx_word' id='word_1_49' title='bbox 628 1480 715 1545; x_wconf 88' lang='lat' dir='ltr'><strong>mari</strong></span> <span class='ocrx_word' id='word_1_50' title='bbox 729 1488 765 1545; x_wconf 84' lang='lat' dir='ltr'><strong>st</strong></span> <span class='ocrx_word' id='word_1_51' title='bbox 779 1481 891 1546; x_wconf 78' lang='lat' dir='ltr'><strong>ventis</strong></span> <span class='ocrx_word' id='word_1_52' title='bbox 910 1481 985 1546; x_wconf 80' lang='lat' dir='ltr'><strong>vice</strong></span> <span class='ocrx_word' id='word_1_53' title='bbox 1001 1480 1089 1545; x_wconf 84' lang='lat' dir='ltr'><strong>Josu</strong></span> <span class='ocrx_word' id='word_1_54' title='bbox 1104 1480 1245 1558; x_wconf 80' lang='lat' dir='ltr'><strong>christi,</strong></span> <span class='ocrx_word' id='word_1_55' title='bbox 1264 1480 1370 1563; x_wconf 87' lang='lat' dir='ltr'><strong>cujus</strong></span> <span class='ocrx_word' id='word_1_56' title='bbox 1386 1480 1478 1543; x_wconf 81' lang='lat' dir='ltr'><strong>vicu·</strong></span> 
     </span>
     <span class='ocr_line' id='line_1_9' title="bbox 430 1579 1479 1661; baseline -0.001 -18"><span class='ocrx_word' id='word_1_57' title='bbox 430 1580 502 1643; x_wconf 87' lang='lat' dir='ltr'><strong>rins</strong></span> <span class='ocrx_word' id='word_1_58' title='bbox 534 1586 620 1657; x_wconf 84' lang='lat' dir='ltr'><strong>erat,</strong></span> <span class='ocrx_word' id='word_1_59' title='bbox 652 1586 691 1644; x_wconf 92' lang='lat' dir='ltr'><strong>nt</strong></span> <span class='ocrx_word' id='word_1_60' title='bbox 723 1581 785 1655; x_wconf 90' lang='lat' dir='ltr'><strong>ait,</strong></span> <span class='ocrx_word' id='word_1_61' title='bbox 820 1588 857 1645; x_wconf 90' lang='lat' dir='ltr'><strong>et</strong></span> <span class='ocrx_word' id='word_1_62' title='bbox 887 1582 1005 1645; x_wconf 85' lang='lat' dir='ltr'><strong>statim</strong></span> <span class='ocrx_word' id='word_1_63' title='bbox 1033 1579 1126 1645; x_wconf 87' lang='lat' dir='ltr'><strong>facta</strong></span> <span class='ocrx_word' id='word_1_64' title='bbox 1160 1588 1216 1644; x_wconf 87' lang='lat' dir='ltr'><strong>est</strong></span> <span class='ocrx_word' id='word_1_65' title='bbox 1245 1579 1479 1661; x_wconf 79' lang='lat' dir='ltr'><strong>tranquillitas</strong></span> 
     </span>
     <span class='ocr_line' id='line_1_10' title="bbox 431 1678 1478 1763; baseline -0.001 -20"><span class='ocrx_word' id='word_1_66' title='bbox 431 1698 567 1762; x_wconf 88' lang='lat' dir='ltr'><strong>magna.</strong></span> <span class='ocrx_word' id='word_1_67' title='bbox 619 1678 699 1758; x_wconf 86' lang='lat' dir='ltr'><strong>Quo</strong></span> <span class='ocrx_word' id='word_1_68' title='bbox 716 1679 846 1758; x_wconf 89' lang='lat' dir='ltr'><strong>audito,</strong></span> <span class='ocrx_word' id='word_1_69' title='bbox 864 1682 1050 1763; x_wconf 89' lang='lat' dir='ltr'><strong>imperator</strong></span> <span class='ocrx_word' id='word_1_70' title='bbox 1071 1679 1298 1763; x_wconf 83' lang='lat' dir='ltr'><strong>stupefactus,</strong></span> <span class='ocrx_word' id='word_1_71' title='bbox 1322 1678 1478 1742; x_wconf 83' lang='lat' dir='ltr'><strong>bumilia-</strong></span> 
     </span>
     <span class='ocr_line' id='line_1_11' title="bbox 430 1778 1476 1863; baseline 0 -21"><span class='ocrx_word' id='word_1_72' title='bbox 430 1786 487 1843; x_wconf 87' lang='lat' dir='ltr'><strong>tus</strong></span> <span class='ocrx_word' id='word_1_73' title='bbox 508 1778 675 1843; x_wconf 84' lang='lat' dir='ltr'><strong>satisfecit</strong></span> <span class='ocrx_word' id='word_1_74' title='bbox 688 1779 738 1843; x_wconf 89' lang='lat' dir='ltr'><strong>illi</strong></span> <span class='ocrx_word' id='word_1_75' title='bbox 761 1798 823 1863; x_wconf 85' lang='lat' dir='ltr'><strong>per</strong></span> <span class='ocrx_word' id='word_1_76' title='bbox 839 1781 966 1857; x_wconf 84' lang='lat' dir='ltr'><strong>omnia,</strong></span> <span class='ocrx_word' id='word_1_77' title='bbox 986 1781 1110 1845; x_wconf 75' lang='lat' dir='ltr'><strong>fimens</strong></span> <span class='ocrx_word' id='word_1_78' title='bbox 1131 1787 1247 1844; x_wconf 86' lang='lat' dir='ltr'><strong>tamen</strong></span> <span class='ocrx_word' id='word_1_79' title='bbox 1265 1779 1348 1862; x_wconf 89' lang='lat' dir='ltr'><strong>plus</strong></span> <span class='ocrx_word' id='word_1_80' title='bbox 1366 1779 1476 1843; x_wconf 87' lang='lat' dir='ltr'><strong>Deum</strong></span> 
     </span>
     <span class='ocr_line' id='line_1_12' title="bbox 430 1877 1186 1962; baseline 0.001 -20"><span class='ocrx_word' id='word_1_81' title='bbox 430 1896 534 1962; x_wconf 89' lang='lat' dir='ltr'><strong>quam</strong></span> <span class='ocrx_word' id='word_1_82' title='bbox 551 1877 733 1957; x_wconf 87' lang='lat' dir='ltr'><strong>bominem,</strong></span> <span class='ocrx_word' id='word_1_83' title='bbox 750 1887 786 1945; x_wconf 86' lang='lat' dir='ltr'><strong>ct</strong></span> <span class='ocrx_word' id='word_1_84' title='bbox 799 1881 850 1945; x_wconf 87' lang='lat' dir='ltr'><strong>sic</strong></span> <span class='ocrx_word' id='word_1_85' title='bbox 864 1880 1014 1945; x_wconf 67' lang='lat' dir='ltr'><strong>cessant</strong></span> <span class='ocrx_word' id='word_1_86' title='bbox 1026 1880 1186 1944; x_wconf 86' lang='lat' dir='ltr'><strong>schisma.</strong></span> 
     </span>
    </p>
   </div>
   <div class='ocr_carea' id='block_1_3' title="bbox 392 2027 526 2065">
    <p class='ocr_par' dir='ltr' id='par_1_3' title="bbox 392 2027 526 2065">
     <span class='ocr_line' id='line_1_13' title="bbox 392 2027 526 2065; baseline 0.007 -1"><span class='ocrx_word' id='word_1_87' title='bbox 392 2028 450 2065; x_wconf 69' lang='lat' dir='ltr'><strong>PAO.</strong></span> <span class='ocrx_word' id='word_1_88' title='bbox 472 2027 526 2065; x_wconf 65' lang='lat' dir='ltr'><strong>UH·</strong></span> 
     </span>
    </p>
   </div>
   <div class='ocr_carea' id='block_1_4' title="bbox 382 2105 867 2183">
    <p class='ocr_par' dir='ltr' id='par_1_4' title="bbox 382 2105 867 2183">
     <span class='ocr_line' id='line_1_14' title="bbox 382 2105 867 2183; baseline 0.002 -12"><span class='ocrx_word' id='word_1_89' title='bbox 382 2108 458 2181; x_wconf 89' lang='grc'>388,</span> <span class='ocrx_word' id='word_1_90' title='bbox 494 2109 526 2183; x_wconf 89' lang='lat'><strong>8,</strong></span> <span class='ocrx_word' id='word_1_91' title='bbox 541 2105 696 2170; x_wconf 65' lang='lat' dir='ltr'><strong>Hem</strong></span> <span class='ocrx_word' id='word_1_92' title='bbox 777 2106 867 2172; x_wconf 65' lang='lat' dir='ltr'><strong>dom.</strong></span> 
     </span>
    </p>
   </div>
   <div class='ocr_carea' id='block_1_5' title="bbox 382 2228 1476 2596">
    <p class='ocr_par' dir='ltr' id='par_1_5' title="bbox 382 2228 1476 2596">
     <span class='ocr_line' id='line_1_15' title="bbox 382 2228 1475 2308; baseline -0.004 -12"><span class='ocrx_word' id='word_1_93' title='bbox 382 2231 456 2306; x_wconf 89' lang='grc'>389,</span> <span class='ocrx_word' id='word_1_94' title='bbox 494 2232 527 2305; x_wconf 90' lang='grc'><strong>9,</strong></span> <span class='ocrx_word' id='word_1_95' title='bbox 543 2228 671 2294; x_wconf 64' lang='lat' dir='ltr'><strong>mult</strong></span> <span class='ocrx_word' id='word_1_96' title='bbox 778 2230 1004 2308; x_wconf 75' lang='lat' dir='ltr'><strong>cddltParis,</strong></span> <span class='ocrx_word' id='word_1_97' title='bbox 1015 2229 1089 2295; x_wconf 82' lang='lat' dir='ltr'><strong>Nix</strong></span> <span class='ocrx_word' id='word_1_98' title='bbox 1098 2230 1250 2295; x_wconf 81' lang='lat' dir='ltr'><strong>maxima</strong></span> <span class='ocrx_word' id='word_1_99' title='bbox 1259 2237 1295 2294; x_wconf 88' lang='lat' dir='ltr'><strong>et</strong></span> <span class='ocrx_word' id='word_1_100' title='bbox 1303 2229 1475 2303; x_wconf 84' lang='lat' dir='ltr'><strong>diuturna,</strong></span> 
     </span>
     <span class='ocr_line' id='line_1_16' title="bbox 801 2329 1476 2396; baseline -0.004 -1"><span class='ocrx_word' id='word_1_101' title='bbox 801 2332 964 2396; x_wconf 84' lang='lat' dir='ltr'><strong>animalia</strong></span> <span class='ocrx_word' id='word_1_102' title='bbox 994 2331 1168 2395; x_wconf 86' lang='lat' dir='ltr'><strong>maritima</strong></span> <span class='ocrx_word' id='word_1_103' title='bbox 1202 2329 1362 2394; x_wconf 87' lang='lat' dir='ltr'><strong>involuta</strong></span> <span class='ocrx_word' id='word_1_104' title='bbox 1395 2337 1476 2392; x_wconf 87' lang='lat' dir='ltr'><strong>suut</strong></span> 
     </span>
     <span class='ocr_line' id='line_1_17' title="bbox 801 2429 1476 2513; baseline -0.006 -17"><span class='ocrx_word' id='word_1_105' title='bbox 801 2431 983 2511; x_wconf 80' lang='lat' dir='ltr'><strong>fluctibus3</strong></span> <span class='ocrx_word' id='word_1_106' title='bbox 1009 2431 1063 2495; x_wconf 89' lang='lat' dir='ltr'><strong>sol</strong></span> <span class='ocrx_word' id='word_1_107' title='bbox 1089 2448 1215 2513; x_wconf 86' lang='lat' dir='ltr'><strong>passus</strong></span> <span class='ocrx_word' id='word_1_108' title='bbox 1239 2437 1294 2494; x_wconf 80' lang='lat' dir='ltr'><strong>est</strong></span> <span class='ocrx_word' id='word_1_109' title='bbox 1319 2429 1476 2511; x_wconf 88' lang='lat' dir='ltr'><strong>eclipsim</strong></span> 
     </span>
     <span class='ocr_line' id='line_1_18' title="bbox 800 2529 1181 2596; baseline -0.003 -2"><span class='ocrx_word' id='word_1_110' title='bbox 800 2538 902 2596; x_wconf 83' lang='lat' dir='ltr'><strong>sexto</strong></span> <span class='ocrx_word' id='word_1_111' title='bbox 918 2530 998 2595; x_wconf 84' lang='lat' dir='ltr'><strong>idua</strong></span> <span class='ocrx_word' id='word_1_112' title='bbox 1011 2529 1181 2594; x_wconf 73' lang='lat' dir='ltr'><strong>Ianuarii</strong></span> 
     </span>
    </p>
   </div>
   <div class='ocr_carea' id='block_1_6' title="bbox 383 2646 1475 2833">
    <p class='ocr_par' dir='ltr' id='par_1_6' title="bbox 383 2646 1475 2833">
     <span class='ocr_line' id='line_1_19' title="bbox 383 2646 1473 2734; baseline 0.006 -25"><span class='ocrx_word' id='word_1_113' title='bbox 383 2689 433 2701; x_wconf 93' lang='lat'>-</span> <span class='ocrx_word' id='word_1_114' title='bbox 477 2649 528 2725; x_wconf 90' lang='lat' dir='ltr'><strong>ll,</strong></span> <span class='ocrx_word' id='word_1_115' title='bbox 542 2646 731 2733; x_wconf 63' lang='lat' dir='ltr'><strong>cirquites</strong></span> <span class='ocrx_word' id='word_1_116' title='bbox 780 2650 823 2717; x_wconf 94' lang='lat' dir='ltr'><strong>In</strong></span> <span class='ocrx_word' id='word_1_117' title='bbox 839 2652 895 2731; x_wconf 89' lang='lat' dir='ltr'><strong>B.,</strong></span> <span class='ocrx_word' id='word_1_118' title='bbox 908 2673 949 2718; x_wconf 89' lang='lat' dir='ltr'><strong>or</strong></span> <span class='ocrx_word' id='word_1_119' title='bbox 964 2652 1022 2717; x_wconf 85' lang='lat' dir='ltr'><strong>tbe</strong></span> <span class='ocrx_word' id='word_1_120' title='bbox 1038 2651 1246 2734; x_wconf 79' lang='lat' dir='ltr'><strong>Cambridge</strong></span> <span class='ocrx_word' id='word_1_121' title='bbox 1265 2651 1357 2728; x_wconf 73' lang='lat' dir='ltr'><strong>MS„</strong></span> <span class='ocrx_word' id='word_1_122' title='bbox 1379 2652 1473 2716; x_wconf 88' lang='lat' dir='ltr'><strong>there</strong></span> 
     </span>
     <span class='ocr_line' id='line_1_20' title="bbox 799 2751 1475 2833; baseline -0.001 -18"><span class='ocrx_word' id='word_1_123' title='bbox 799 2752 830 2815; x_wconf 90' lang='lat' dir='ltr'><strong>is</strong></span> <span class='ocrx_word' id='word_1_124' title='bbox 856 2771 879 2817; x_wconf 86' lang='lat' dir='ltr'><strong>a</strong></span> <span class='ocrx_word' id='word_1_125' title='bbox 898 2752 1059 2817; x_wconf 85' lang='lat' dir='ltr'><strong>coloured</strong></span> <span class='ocrx_word' id='word_1_126' title='bbox 1085 2751 1241 2833; x_wconf 83' lang='lat' dir='ltr'><strong>drawing</strong></span> <span class='ocrx_word' id='word_1_127' title='bbox 1266 2752 1308 2816; x_wconf 86' lang='lat' dir='ltr'><strong>os</strong></span> <span class='ocrx_word' id='word_1_128' title='bbox 1323 2752 1383 2816; x_wconf 88' lang='lat' dir='ltr'><strong>the</strong></span> <span class='ocrx_word' id='word_1_129' title='bbox 1405 2752 1475 2815; x_wconf 88' lang='lat' dir='ltr'><strong>dis·</strong></span> 
     </span>
    </p>
   </div>
   <div class='ocr_carea' id='block_1_7' title="bbox 799 2847 1475 3233">
    <p class='ocr_par' dir='ltr' id='par_1_7' title="bbox 799 2847 1475 3233">
     <span class='ocr_line' id='line_1_21' title="bbox 799 2847 1474 2936; baseline -0.004 -19"><span class='ocrx_word' id='word_1_130' title='bbox 799 2871 925 2936; x_wconf 82' lang='lat' dir='ltr'><strong>covery</strong></span> <span class='ocrx_word' id='word_1_131' title='bbox 937 2852 979 2917; x_wconf 86' lang='lat' dir='ltr'><strong>of</strong></span> <span class='ocrx_word' id='word_1_132' title='bbox 995 2851 1054 2916; x_wconf 87' lang='lat' dir='ltr'><strong>the</strong></span> <span class='ocrx_word' id='word_1_133' title='bbox 1072 2847 1192 2915; x_wconf 85' lang='lat' dir='ltr'><strong>saint’s</strong></span> <span class='ocrx_word' id='word_1_134' title='bbox 1215 2850 1377 2929; x_wconf 80' lang='lat' dir='ltr'><strong>tamaius,</strong></span> <span class='ocrx_word' id='word_1_135' title='bbox 1390 2851 1474 2914; x_wconf 85' lang='lat' dir='ltr'><strong>witb</strong></span> 
     </span>
     <span class='ocr_line' id='line_1_22' title="bbox 799 2950 1475 3035; baseline -0.006 -19"><span class='ocrx_word' id='word_1_136' title='bbox 799 2952 859 3016; x_wconf 87' lang='lat' dir='ltr'><strong>tbe</strong></span> <span class='ocrx_word' id='word_1_137' title='bbox 882 2951 1004 3017; x_wconf 82' lang='lat' dir='ltr'><strong>citizen</strong></span> <span class='ocrx_word' id='word_1_138' title='bbox 1027 2950 1190 3033; x_wconf 81' lang='lat' dir='ltr'><strong>standing</strong></span> <span class='ocrx_word' id='word_1_139' title='bbox 1207 2951 1267 3035; x_wconf 87' lang='lat' dir='ltr'><strong>by,</strong></span> <span class='ocrx_word' id='word_1_140' title='bbox 1286 2950 1396 3015; x_wconf 87' lang='lat' dir='ltr'><strong>under</strong></span> <span class='ocrx_word' id='word_1_141' title='bbox 1418 2950 1475 3014; x_wconf 86' lang='lat' dir='ltr'><strong>tbc</strong></span> 
     </span>
     <span class='ocr_line' id='line_1_23' title="bbox 800 3050 1474 3135; baseline -0.001 -21"><span class='ocrx_word' id='word_1_142' title='bbox 800 3050 1014 3135; x_wconf 80' lang='lat' dir='ltr'><strong>inscription,</strong></span> <span class='ocrx_word' id='word_1_143' title='bbox 1035 3050 1234 3115; x_wconf 87' lang='lat' dir='ltr'><strong>‘Robcrtus</strong></span> <span class='ocrx_word' id='word_1_144' title='bbox 1254 3051 1341 3114; x_wconf 84' lang='lat' dir='ltr'><strong>civis</strong></span> <span class='ocrx_word' id='word_1_145' title='bbox 1362 3050 1398 3114; x_wconf 91' lang='lat' dir='ltr'><strong>S.</strong></span> <span class='ocrx_word' id='word_1_146' title='bbox 1417 3050 1474 3114; x_wconf 80' lang='lat' dir='ltr'><strong>Al·</strong></span> 
     </span>
     <span class='ocr_line' id='line_1_24' title="bbox 799 3149 1312 3233; baseline -0.004 -18"><span class='ocrx_word' id='word_1_147' title='bbox 799 3151 893 3228; x_wconf 89' lang='lat' dir='ltr'><strong>bani,</strong></span> <span class='ocrx_word' id='word_1_148' title='bbox 907 3157 1135 3233; x_wconf 82' lang='lat' dir='ltr'><strong>cognomento</strong></span> <span class='ocrx_word' id='word_1_149' title='bbox 1153 3149 1312 3214; x_wconf 86' lang='lat' dir='ltr'><strong>Morccr.’</strong></span> 
     </span>
    </p>
   </div>
   <div class='ocr_carea' id='block_1_8' title="bbox 383 3271 1267 3435">
    <p class='ocr_par' dir='ltr' id='par_1_8' title="bbox 383 3271 1267 3435">
     <span class='ocr_line' id='line_1_25' title="bbox 383 3271 1267 3355; baseline 0.002 -21"><span class='ocrx_word' id='word_1_150' title='bbox 383 3306 435 3320; x_wconf 88' lang='lat'>-</span> <span class='ocrx_word' id='word_1_151' title='bbox 479 3273 531 3349; x_wconf 84' lang='lat'><strong>18,</strong></span> <span class='ocrx_word' id='word_1_152' title='bbox 549 3271 729 3336; x_wconf 63' lang='lat' dir='ltr'><strong>comat</strong></span> <span class='ocrx_word' id='word_1_153' title='bbox 779 3272 923 3339; x_wconf 86' lang='lat' dir='ltr'><strong>decorus</strong></span> <span class='ocrx_word' id='word_1_154' title='bbox 939 3273 1040 3338; x_wconf 79' lang='lat' dir='ltr'><strong>vultu</strong></span> <span class='ocrx_word' id='word_1_155' title='bbox 1056 3280 1092 3338; x_wconf 84' lang='lat' dir='ltr'><strong>ct</strong></span> <span class='ocrx_word' id='word_1_156' title='bbox 1105 3272 1267 3355; x_wconf 82' lang='lat' dir='ltr'><strong>eleganti.</strong></span> 
     </span>
     <span class='ocr_line' id='line_1_26' title="bbox 547 3378 636 3435; baseline 0 0"><span class='ocrx_word' id='word_1_157' title='bbox 547 3378 636 3435; x_wconf 69' lang='lat' dir='ltr'><strong>tussi</strong></span> 
     </span>
    </p>
   </div>
   <div class='ocr_carea' id='block_1_9' title="bbox 384 3492 1473 3982">
    <p class='ocr_par' dir='ltr' id='par_1_9' title="bbox 384 3492 1473 3760">
     <span class='ocr_line' id='line_1_27' title="bbox 384 3492 1473 3578; baseline 0.001 -19"><span class='ocrx_word' id='word_1_158' title='bbox 384 3537 434 3550; x_wconf 96' lang='lat'><em>-</em></span> <span class='ocrx_word' id='word_1_159' title='bbox 476 3530 520 3542; x_wconf 96' lang='lat'>-</span> <span class='ocrx_word' id='word_1_160' title='bbox 535 3492 731 3578; x_wconf 55' lang='lat' dir='ltr'><strong>emordica-</strong></span> <span class='ocrx_word' id='word_1_161' title='bbox 781 3496 968 3561; x_wconf 85' lang='lat' dir='ltr'><strong>thalamum</strong></span> <span class='ocrx_word' id='word_1_162' title='bbox 988 3514 1088 3559; x_wconf 90' lang='lat' dir='ltr'><strong>sunm</strong></span> <span class='ocrx_word' id='word_1_163' title='bbox 1109 3495 1413 3560; x_wconf 83' lang='lat' dir='ltr'><strong>interiorem-lu</strong></span> <span class='ocrx_word' id='word_1_164' title='bbox 1432 3496 1473 3560; x_wconf 89' lang='lat' dir='ltr'><strong>B.</strong></span> 
     </span>
     <span class='ocr_line' id='line_1_28' title="bbox 543 3593 1471 3678; baseline 0 -20"><span class='ocrx_word' id='word_1_165' title='bbox 543 3593 731 3670; x_wconf 58' lang='lat' dir='ltr'><strong>imaum&amp;</strong></span> <span class='ocrx_word' id='word_1_166' title='bbox 800 3595 921 3660; x_wconf 83' lang='lat' dir='ltr'><strong>thiais</strong></span> <span class='ocrx_word' id='word_1_167' title='bbox 943 3593 1092 3660; x_wconf 85' lang='lat' dir='ltr'><strong>inssrtcd</strong></span> <span class='ocrx_word' id='word_1_168' title='bbox 1120 3615 1167 3659; x_wconf 93' lang='lat' dir='ltr'><strong>on</strong></span> <span class='ocrx_word' id='word_1_169' title='bbox 1188 3594 1247 3659; x_wconf 87' lang='lat' dir='ltr'><strong>tbe</strong></span> <span class='ocrx_word' id='word_1_170' title='bbox 1268 3597 1404 3677; x_wconf 81' lang='lat' dir='ltr'><strong>margin</strong></span> <span class='ocrx_word' id='word_1_171' title='bbox 1426 3596 1471 3678; x_wconf 88' lang='lat' dir='ltr'><strong>by</strong></span> 
     </span>
     <span class='ocr_line' id='line_1_29' title="bbox 543 3692 914 3760; baseline 0.003 -1"><span class='ocrx_word' id='word_1_172' title='bbox 543 3692 704 3759; x_wconf 71' lang='lat' dir='ltr'><strong>videbatur</strong></span> <span class='ocrx_word' id='word_1_173' title='bbox 802 3694 914 3760; x_wconf 79' lang='lat' dir='ltr'><strong>Paris·</strong></span> 
     </span>
    </p>

    <p class='ocr_par' dir='ltr' id='par_1_10' title="bbox 385 3816 1356 3982">
     <span class='ocr_line' id='line_1_30' title="bbox 385 3816 1356 3982; baseline -0.003 -96"><span class='ocrx_word' id='word_1_174' title='bbox 385 3823 459 3896; x_wconf 84' lang='lat'><strong>390,</strong></span> <span class='ocrx_word' id='word_1_175' title='bbox 497 3820 527 3895; x_wconf 85' lang='lat'><strong>3,</strong></span> <span class='ocrx_word' id='word_1_176' title='bbox 538 3816 641 3982; x_wconf 48' lang='lat' dir='ltr'><strong>asili</strong></span> <span class='ocrx_word' id='word_1_177' title='bbox 649 3817 731 3884; x_wconf 66' lang='lat' dir='ltr'><strong>vide</strong></span> <span class='ocrx_word' id='word_1_178' title='bbox 780 3818 945 3885; x_wconf 84' lang='lat' dir='ltr'><strong>velociter</strong></span> <span class='ocrx_word' id='word_1_179' title='bbox 958 3818 1105 3884; x_wconf 80' lang='lat' dir='ltr'><strong>uestitus</strong></span> <span class='ocrx_word' id='word_1_180' title='bbox 1119 3826 1155 3883; x_wconf 85' lang='lat' dir='ltr'><strong>st</strong></span> <span class='ocrx_word' id='word_1_181' title='bbox 1170 3818 1356 3884; x_wconf 86' lang='lat' dir='ltr'><strong>calceatus.</strong></span> 
     </span>
    </p>

    <p class='ocr_par' dir='ltr' id='par_1_11' title="bbox 597 3940 637 3982">
     <span class='ocr_line' id='line_1_31' title="bbox 597 3940 637 3982; baseline -0.025 0"><span class='ocrx_word' id='word_1_182' title='bbox 597 3940 637 3982; x_wconf 78' lang='lat' dir='ltr'><strong>or</strong></span> 
     </span>
    </p>
   </div>
   <div class='ocr_carea' id='block_1_10' title="bbox 384 4036 1530 4519">
    <p class='ocr_par' dir='ltr' id='par_1_12' title="bbox 384 4036 1474 4206">
     <span class='ocr_line' id='line_1_32' title="bbox 384 4036 1473 4126; baseline 0.003 -28"><span class='ocrx_word' id='word_1_183' title='bbox 384 4084 435 4098; x_wconf 92' lang='grc'><strong>...</strong></span> <span class='ocrx_word' id='word_1_184' title='bbox 500 4044 530 4118; x_wconf 86' lang='grc'><strong>7,</strong></span> <span class='ocrx_word' id='word_1_185' title='bbox 538 4063 681 4126; x_wconf 68' lang='lat' dir='ltr'><strong>parvm·</strong></span> <span class='ocrx_word' id='word_1_186' title='bbox 780 4036 873 4101; x_wconf 69' lang='lat' dir='ltr'><strong>addit</strong></span> <span class='ocrx_word' id='word_1_187' title='bbox 889 4036 1014 4115; x_wconf 82' lang='lat' dir='ltr'><strong>Paria,</strong></span> <span class='ocrx_word' id='word_1_188' title='bbox 1036 4037 1158 4103; x_wconf 83' lang='lat' dir='ltr'><strong>Obiter</strong></span> <span class='ocrx_word' id='word_1_189' title='bbox 1179 4036 1473 4121; x_wconf 83' lang='lat' dir='ltr'><strong>colloquebantur,</strong></span> 
     </span>
     <span class='ocr_line' id='line_1_33' title="bbox 550 4136 1474 4206; baseline -0.005 0"><span class='ocrx_word' id='word_1_190' title='bbox 550 4150 624 4206; x_wconf 78' lang='lat' dir='ltr'><strong>runt</strong></span> <span class='ocrx_word' id='word_1_191' title='bbox 802 4144 844 4202; x_wconf 87' lang='lat' dir='ltr'><strong>ut</strong></span> <span class='ocrx_word' id='word_1_192' title='bbox 859 4137 948 4202; x_wconf 89' lang='lat' dir='ltr'><strong>solet</strong></span> <span class='ocrx_word' id='word_1_193' title='bbox 964 4136 1094 4202; x_wconf 86' lang='lat' dir='ltr'><strong>amicus</strong></span> <span class='ocrx_word' id='word_1_194' title='bbox 1110 4156 1188 4200; x_wconf 91' lang='lat' dir='ltr'><strong>cum</strong></span> <span class='ocrx_word' id='word_1_195' title='bbox 1207 4138 1318 4202; x_wconf 88' lang='lat' dir='ltr'><strong>amico</strong></span> <span class='ocrx_word' id='word_1_196' title='bbox 1335 4139 1474 4203; x_wconf 81' lang='lat' dir='ltr'><strong>coitiun-</strong></span> 
     </span>
    </p>

    <p class='ocr_par' dir='ltr' id='par_1_13' title="bbox 802 4234 1530 4314">
     <span class='ocr_line' id='line_1_34' title="bbox 802 4234 1530 4314; baseline 0 -13"><span class='ocrx_word' id='word_1_197' title='bbox 802 4245 914 4314; x_wconf 89' lang='lat' dir='ltr'><strong>rante,</strong></span> <span class='ocrx_word' id='word_1_198' title='bbox 935 4244 1008 4300; x_wconf 94' lang='lat' dir='ltr'><strong>tum</strong></span> <span class='ocrx_word' id='word_1_199' title='bbox 1032 4236 1076 4301; x_wconf 84' lang='lat' dir='ltr'><strong>ds</strong></span> <span class='ocrx_word' id='word_1_200' title='bbox 1092 4234 1227 4301; x_wconf 88' lang='lat' dir='ltr'><strong>moeniis</strong></span> <span class='ocrx_word' id='word_1_201' title='bbox 1244 4236 1369 4301; x_wconf 67' lang='lat' dir='ltr'><strong>dirutae</strong></span> <span class='ocrx_word' id='word_1_202' title='bbox 1394 4238 1474 4301; x_wconf 84' lang='lat' dir='ltr'><strong>civi·</strong></span> <span class='ocrx_word' id='word_1_203' title='bbox 1527 4285 1530 4290; x_wconf 82' lang='lat'><em>-</em></span> 
     </span>
    </p>

    <p class='ocr_par' dir='ltr' id='par_1_14' title="bbox 803 4334 1473 4415">
     <span class='ocr_line' id='line_1_35' title="bbox 803 4334 1473 4415; baseline 0 -14"><span class='ocrx_word' id='word_1_204' title='bbox 803 4337 899 4412; x_wconf 89' lang='lat' dir='ltr'><strong>tatis,</strong></span> <span class='ocrx_word' id='word_1_205' title='bbox 923 4343 997 4401; x_wconf 89' lang='lat' dir='ltr'><strong>tum</strong></span> <span class='ocrx_word' id='word_1_206' title='bbox 1022 4334 1065 4401; x_wconf 86' lang='lat' dir='ltr'><strong>ds</strong></span> <span class='ocrx_word' id='word_1_207' title='bbox 1082 4356 1183 4401; x_wconf 85' lang='lat' dir='ltr'><strong>amns</strong></span> <span class='ocrx_word' id='word_1_208' title='bbox 1202 4336 1383 4415; x_wconf 88' lang='lat' dir='ltr'><strong>diminuto,</strong></span> <span class='ocrx_word' id='word_1_209' title='bbox 1401 4344 1473 4401; x_wconf 86' lang='lat' dir='ltr'><strong>tum</strong></span> 
     </span>
    </p>

    <p class='ocr_par' dir='ltr' id='par_1_15' title="bbox 803 4435 1474 4519">
     <span class='ocr_line' id='line_1_36' title="bbox 803 4435 1474 4519; baseline 0.003 -20"><span class='ocrx_word' id='word_1_210' title='bbox 803 4435 847 4501; x_wconf 86' lang='lat' dir='ltr'><strong>ds</strong></span> <span class='ocrx_word' id='word_1_211' title='bbox 871 4442 983 4501; x_wconf 86' lang='lat' dir='ltr'><strong>strata</strong></span> <span class='ocrx_word' id='word_1_212' title='bbox 1005 4437 1176 4501; x_wconf 91' lang='lat' dir='ltr'><strong>communi</strong></span> <span class='ocrx_word' id='word_1_213' title='bbox 1197 4436 1378 4519; x_wconf 83' lang='lat' dir='ltr'><strong>adjacente</strong></span> <span class='ocrx_word' id='word_1_214' title='bbox 1395 4436 1474 4501; x_wconf 83' lang='lat' dir='ltr'><strong>civi·</strong></span> 
     </span>
    </p>
   </div>
   <div class='ocr_carea' id='block_1_11' title="bbox 0 0 1678 5732">
    <p class='ocr_par' dir='ltr' id='par_1_16' title="bbox 0 0 1678 5732">
     <span class='ocr_line' id='line_1_37' title="bbox 0 0 1678 5732; baseline 0 0"><span class='ocrx_word' id='word_1_215' title='bbox 0 0 1678 5732; x_wconf 95' lang='lat' dir='ltr'><strong> </strong></span> 
     </span>
    </p>
   </div>
  </div>
 </body>
</html>
