3334 5734
389 749 455 816 218
756 765 956 815 nncrrouus
977 765 1109 816 varin.

390 950 528 1034 pellano
551 968 615 1013 sno
646 949 754 1026 Luca,
781 948 984 1014 festinanter
1008 968 1047 1014 se
1068 949 1197 1014 viatico
1225 949 1372 1015 salutari
1397 969 1489 1033 prae·

391 1051 549 1126 munivit,
573 1057 608 1114 et
630 1049 775 1113 induens
801 1050 980 1114 andaciam
1004 1047 1176 1113 leoninam
1198 1050 1248 1114 ait
1270 1051 1489 1133 specialiori·

391 1151 455 1214 bus
483 1152 568 1224 snis,
592 1151 716 1231 quibus
740 1156 891 1213 castrum
920 1148 1067 1214 Doverae
1093 1150 1310 1214 commiserat
1334 1150 1488 1215 custodi·

391 1249 528 1326 endum,
543 1254 553 1284 ‘
566 1247 730 1313 Obtestor
749 1268 811 1332 per
826 1250 1028 1331 sangninem
1046 1247 1187 1326 Christi,
1204 1251 1234 1314 si
1249 1250 1337 1315 forte
1353 1250 1487 1333 capiar,

391 1358 472 1415 ante
494 1347 701 1432 permittatis
726 1368 781 1412 me
805 1348 968 1431 suspendi
992 1366 1095 1431 quam
1118 1348 1222 1413 alicui
1252 1348 1389 1414 Franco
1413 1369 1488 1415 cas-

391 1458 481 1514 trum
513 1448 676 1526 reddatis,
709 1448 817 1513 clavis
849 1449 939 1512 enim
969 1447 1106 1530 Angliae
1137 1449 1214 1513 est'
1266 1448 1341 1533 Ipsi
1367 1458 1487 1513 autern

391 1548 525 1627 flentes,
557 1548 624 1613 fide
650 1548 853 1631 interposita
874 1556 910 1612 et
935 1549 1091 1632 praestito
1110 1548 1321 1632 juramento,
1345 1549 1414 1613 hoc
1435 1549 1487 1613 illi

391 1656 644 1714 concesserunt.
695 1647 858 1730 Acceptis
883 1648 990 1729 igitur
1008 1667 1123 1712 secum
1149 1648 1343 1732 praeelectis
1366 1648 1486 1713 militi-

391 1748 469 1826 bus,
485 1749 644 1814 videlicet
659 1748 812 1813 Henrico
832 1748 875 1812 de
894 1747 1095 1812 Turbevilla
1115 1756 1150 1812 et
1168 1747 1345 1813 Richards
1361 1747 1486 1826 Suard,

394 1867 472 1913 cnm
497 1848 699 1932 quibusdam
722 1848 800 1912 aliis
821 1847 880 1911 sed
899 1848 1032 1931 paucis,
1052 1847 1216 1929 optimam
1233 1867 1359 1912 navem
1379 1849 1488 1912 intra-

392 1949 455 2027 vit,
476 1948 607 2013 habens
627 1966 743 2012 secum
762 1946 930 2030 quosdam
950 1947 992 2011 de
1015 1947 1165 2030 quinque
1187 1949 1357 2030 portubus
1381 1948 1486 2012 maris

392 2050 530 2133 peritos.
582 2047 690 2111 Erant
709 2056 824 2111 autem
842 2048 942 2111 nutui
960 2066 1024 2110 sno
1046 2046 1170 2111 dedite
1184 2048 1320 2112 circiter
1335 2048 1486 2112 decimas

393 2159 511 2214 sextas
536 2144 713 2233 [sedecim]
741 2166 846 2211 naves
870 2148 956 2211 bene
975 2147 1201 2223 communitae,
1220 2147 1295 2211 sine
1317 2147 1485 2211 naviculis

393 2248 646 2325 comitantibus,
671 2266 748 2330 qnae
773 2245 817 2310 ad
844 2246 968 2329 viginti
991 2256 1072 2311 sunt
1096 2246 1284 2312 recensita.
1338 2246 1488 2311 Perrex-

393 2354 495 2413 erunt
518 2348 624 2428 igitur
648 2345 822 2424 audacter,
852 2346 1059 2430 obliquando
1082 2354 1197 2411 tamen
1223 2345 1421 2426 dracenam,
1450 2347 1485 2411 id

393 2452 459 2525 est,
474 2445 556 2523 loos,
572 2445 677 2530 [luth]
699 2445 772 2511 acsi
787 2446 917 2512 vellent
935 2446 1029 2510 adire
1046 2443 1229 2511 Galeriam.
1280 2445 1384 2526 Quod
1406 2465 1484 2511 cunr

393 2546 535 2612 vidisset
549 2545 756 2611 Eustachius
769 2546 969 2623 monachus,
985 2545 1058 2611 dux
1076 2546 1300 2624 Francorum,
1313 2547 1377 2626 ait,
1389 2547 1484 2612 ‘Scio

394 2646 487 2730 quod
508 2644 556 2710 bii
580 2646 695 2710 miseri
720 2647 877 2728 cogitant
904 2645 1074 2711 Calesiam
1097 2647 1196 2730 quasi
1222 2647 1409 2712 latrunculi
1434 2648 1484 2711 in·

395 2745 531 2824 vadere,
548 2745 609 2810 sed
625 2745 765 2823 frustra,
779 2747 865 2809 bene
882 2747 972 2810 enim
994 2746 1287 2829 praemuniuntur?
1339 2747 1386 2813 Et
1405 2766 1483 2812 ecce

396 2844 503 2929 Angli
515 2846 630 2910 subito
643 2864 720 2909 cum
737 2846 982 2929 comperissent
996 2853 1134 2910 ventum
1157 2845 1372 2925 exhausisse,
1384 2866 1482 2912 versa

394 2946 543 3011 dracena
556 2965 602 3010 ex
618 2952 827 3022 transverso,
844 2952 949 3010 vento
961 2944 1036 3030 jam
1057 2945 1107 3010 eis
1129 2946 1291 3024 secundo,
1311 2948 1481 3011 irruerunt

393 3046 430 3111 in
452 3045 568 3111 hostes
589 3044 769 3124 alacriter3
792 3052 827 3110 et
852 3064 930 3108 cum
953 3046 1151 3126 attigissent
1172 3064 1307 3129 puppes
1326 3047 1484 3112 adversa·

394 3146 535 3222 riorum,
557 3144 654 3208 uncis
674 3143 809 3228 injectis
830 3151 1050 3209 attraxerunt
1065 3164 1125 3209 eas
1139 3145 1183 3209 ad
1199 3165 1247 3224 se,
1266 3152 1303 3210 et
1317 3147 1481 3210 intrantes

393 3245 599 3328 quantocius
613 3244 788 3308 securibus
808 3244 993 3327 praeacutis
1017 3243 1245 3328 praeciderunt
1268 3246 1430 3311 rudentes
1448 3253 1483 3310 et

394 3355 561 3410 antennas
577 3344 704 3407 malum
718 3351 973 3427 supportantes,
990 3353 1024 3409 et
1035 3344 1157 3409 cecidit
1166 3345 1279 3409 velum
1292 3365 1481 3429 expansum

395 3463 499 3528 snper
515 3444 666 3508 Francos
683 3442 728 3507 ad
749 3443 860 3507 instar
875 3444 958 3509 retis
972 3462 1077 3526 snper
1098 3445 1250 3509 aviculas
1271 3445 1436 3522 irretitas,
1449 3453 1483 3509 et

395 3543 616 3608 nobilioribus
632 3543 803 3626 parcendo
820 3544 1073 3608 incarcerandis
1089 3544 1123 3607 in
1138 3544 1249 3607 frusta
1268 3552 1414 3609 caeteros
1427 3545 1483 3609 de-

394 3644 611 3708 truncabant.
643 3641 739 3707 Inter
753 3662 841 3727 quos
852 3642 1085 3720 Eustachium,
1097 3645 1158 3726 qui
1169 3663 1207 3708 se
1221 3642 1482 3726 defiguraverat,

397 3763 498 3830 quem
525 3744 628 3807 etiam
655 3742 691 3805 in
712 3744 848 3809 sentina
869 3742 1074 3807 invenerunt
1094 3743 1301 3821 latitantem,
1321 3753 1482 3810 extraxe-

396 3851 478 3909 runt
501 3850 537 3908 et
558 3841 825 3907 decollaverunt.
878 3842 964 3908 Erat
989 3852 1102 3908 autern
1130 3843 1188 3907 ille
1211 3845 1351 3909 natione
1381 3844 1483 3909 Flan-

396 3945 540 4021 drensis,
560 3943 619 4026 qui
647 3962 708 4026 pro
729 3941 930 4008 haereditate
957 3943 1206 4027 prosequenda,
1223 3942 1389 4009 iratribus
1414 3945 1483 4009 suis

396 4046 471 4110 sine
500 4043 617 4110 liberis
647 4043 876 4126 praemortuis,
911 4043 1031 4109 relicto
1061 4043 1181 4108 babitu
1211 4051 1246 4108 et
1274 4044 1394 4108 ordine
1422 4063 1481 4108 suo

397 4150 668 4229 apostataverat,
693 4152 728 4208 et
747 4142 902 4208 existens
924 4143 1039 4226 pirata
1057 4151 1092 4209 et
1112 4145 1301 4226 piratarum
1323 4145 1483 4226 magister

395 4245 513 4311 multis
540 4244 724 4309 damnosus
752 4241 818 4307 suit
849 4249 885 4308 et
913 4251 1087 4319 cruentus,
1114 4243 1174 4307 sed
1200 4243 1340 4308 tandem
1368 4243 1481 4327 praedo

396 4348 515 4429 praeda
545 4343 656 4408 sactus
687 4343 819 4406 fructus
848 4343 990 4426 collegit
1020 4344 1152 4407 viarum
1185 4361 1335 4407 suarum.
1399 4342 1481 4407 Cum

397 4454 512 4510 autem
533 4442 713 4510 Hubertus
734 4443 846 4508 victor
864 4442 1089 4509 miraculosus
1112 4442 1156 4507 ad
1179 4442 1262 4507 litus
1286 4443 1388 4507 laetus
1408 4461 1481 4525 per·

396 4546 556 4624 venisset,
582 4551 807 4628 perrexerunt
833 4544 865 4607 ei
895 4543 1031 4609 obviam
1063 4550 1098 4609 et
1129 4541 1200 4607 suis
1232 4540 1480 4609 convictoribus
