3334 5734
370 733 413 800 2⁰
737 753 934 804 nnorrosss
957 757 1088 809 veum.

371 874 429 911 Pte.
465 874 517 913 LI!-

371 934 425 1014 37,
465 939 716 1025 timorum..
766 947 846 1024 poet
857 941 980 1026 longas
995 963 1109 1010 moras
1124 944 1161 1010 in
1176 944 1312 1032 Anglia

536 1058 639 1102 moros

370 1194 421 1205 -
464 1160 515 1237 28,
525 1161 737 1244 tranfretavit
768 1161 916 1246 trajecit.

372 1283 424 1358 38,
485 1286 514 1360 l,
527 1282 714 1349 motam..
764 1284 852 1351 Cum
865 1288 952 1354 sorte
968 1291 1136 1374 quendam
1152 1313 1360 1363 summorum
1374 1320 1457 1384 pro-

527 1382 700 1467 proditoris
784 1404 901 1452 cerum
929 1408 1066 1455 suorum
1097 1391 1140 1458 de
1172 1414 1254 1461 nece
1284 1417 1348 1461 sua
1378 1419 1460 1465 cnm

785 1484 858 1550 suis
882 1486 1037 1555 hostibus
1056 1494 1256 1560 convenisse
1282 1516 1344 1580 per
1365 1497 1459 1564 dela·

784 1591 893 1649 torem
943 1591 1173 1672 cognovisset,
1221 1605 1457 1664 accusatorem

785 1683 922 1767 quidem
943 1688 1042 1753 silere
1063 1690 1263 1775 imperabat,
1284 1695 1358 1778 ipse
1372 1716 1454 1764 vero

784 1783 910 1849 tacitus
926 1787 1120 1870 proditoris.

370 1941 420 1952 -
484 1904 514 1976 5,
528 1911 700 1988 ecepectom
763 1910 999 1989 exspectabat.

368 2059 419 2070 -
484 2024 514 2101 6,
532 2024 593 2105 Qui
608 2048 677 2091 com
765 2026 852 2093 Cum
866 2038 982 2097 autem
997 2034 1163 2118 proditor.

368 2183 419 2194 -
463 2150 514 2225 11,
528 2170 550 2213 o
560 2152 690 2220 cetero.
706 2201 713 2214 .
763 2151 858 2217 solus
874 2174 952 2220 cum
968 2159 1042 2224 solo
1058 2164 1256 2244 permansit.

531 2251 648 2314 recessit

368 2405 419 2416 -
463 2367 513 2447 17,
531 2371 632 2458 idquit
762 2374 850 2440 deest.

368 2530 419 2541 -
462 2496 513 2572 21,
530 2494 677 2563 dodcscor
691 2547 713 2563 ..
762 2499 896 2565 animus
911 2503 974 2568 tibi
990 2503 1048 2582 sit,
1068 2506 1098 2570 si
1117 2507 1244 2588 valeas,
1261 2511 1290 2575 si
1312 2513 1454 2595 audeas,

532 2595 625 2681 impla
784 2599 933 2666 absolve.

367 2752 418 2762 —
461 2717 716 2805 22,coopbicibos
763 2723 875 2787 sociis.

367 2878 418 2893 -
460 2842 513 2920 23,
527 2843 566 2908 Si
576 2852 716 2930 ...patos
763 2844 800 2909 Si
816 2866 871 2911 me
887 2847 1040 2915 occidere
1056 2859 1126 2918 stet
1141 2855 1286 2923 animus.

367 3000 418 3016 -
460 2966 557 3044 aasz·
762 2968 849 3035 decet.

367 3122 418 3133 -
459 3124 504 3139 -
519 3091 715 3158 mareolo-
762 3095 970 3162 mulierculis
985 3098 1021 3162 id
1037 3100 1231 3186 relinquito.

527 3210 715 3257 roro...oe

527 3289 605 3352 aciat

367 3444 418 3459 ...
461 3410 512 3485 26,
531 3409 570 3473 Si
763 3410 850 3476 deest.

368 3567 419 3582 ...
463 3527 558 3608 27‚si
579 3533 715 3600 ...ods-
763 3533 853 3599 serro
870 3555 915 3600 ex
934 3538 1066 3606 insidiis
1090 3562 1144 3609 me
1169 3549 1310 3630 aggredi
1336 3551 1449 3618 decre·

533 3631 663 3698 wtdieti
783 3633 876 3699 visti.

368 3790 419 3804 ..
462 3755 716 3836 sodomum
762 3747 987 3838 qnod'militis
1001 3759 1149 3828 officinm
1165 3774 1230 3831 est

367 3917 418 3930 ...
461 3880 513 3957 31,
528 3879 707 3963 infidelitas,
762 3876 914 3960 perfidia.

368 4038 419 4053 -
462 4002 513 4081 34,
529 4005 646 4071 mmm
762 4020 933 4068 corruens.

369 4124 420 4201 39,
459 4128 512 4202 11,
524 4149 638 4213 poam
762 4127 980 4194 constituere.

367 4283 419 4298 -
463 4251 513 4328 15,
527 4251 714 4318 victimat·
762 4269 840 4333 qnae
866 4251 911 4316 ad
936 4254 1066 4320 victum
1089 4265 1125 4323 et
1145 4262 1307 4330 vestitum
1336 4288 1452 4335 neces·

530 4351 680 4435 quiesceas
784 4350 877 4413 saria
901 4360 983 4418 sunt
1005 4374 1043 4419 se
1066 4357 1115 4421 eis
1140 4360 1268 4427 affatim
1292 4370 1452 4452 suppedi-

783 4455 947 4515 taturum.
998 4452 1161 4523 Petitioni
1187 4462 1324 4544 quidem
1347 4471 1453 4534 abbas

783 4548 967 4631 praedictus
985 4572 1053 4618 non
1068 4554 1186 4638 defuit,
1200 4580 1288 4627 nam.
