3334 5734
583 782 783 836 anemonas
807 788 938 838 naara.
1263 779 1308 843 bb

217 896 358 1040 772377,
371 964 554 1035 wodemo&
608 969 700 1036 addit
735 968 860 1052 Paris,
896 974 940 1041 In
976 974 1105 1060 Anglia
1142 977 1304 1061 pestifera

630 1072 821 1138 mortalitas
838 1076 1047 1153 animalium,
1059 1079 1211 1142 maxima
1221 1099 1303 1162 qno

629 1189 697 1254 que
712 1171 899 1253 bominum,
914 1174 979 1240 hoc
992 1183 1145 1261 tempore
1161 1178 1237 1243 fuit.

214 1278 288 1360 173,
303 1285 355 1362 21,
362 1288 561 1376 perception
607 1291 731 1359 Tuscis
743 1295 936 1363 infidelibus
950 1318 1012 1382 per
1024 1319 1169 1384 quornm
1181 1309 1302 1368 terras.

374 1411 561 1476 ⁰·wa

213 1503 287 1582 174,
303 1509 358 1587 30,
371 1508 490 1576 dicim
605 1515 792 1584 dicebatur.

212 1627 284 1708 175,
300 1633 353 1709 32,
371 1633 543 1702 iareim
604 1640 731 1708 intulit.

211 1747 286 1828 177,
302 1755 354 1832 24,
371 1763 499 1823 teram
605 1765 808 1829 testabatur.

209 1917 260 1929 -
303 1878 357 1954 25,
371 1878 497 2046 met
510 1880 557 1948 ob
604 1886 808 1954 obsiderent.

210 2094 285 2177 178,
320 2100 351 2180 6,
359 2124 458 2190 prope
603 2128 710 2192 prope
722 2106 851 2176 hostes.

210 2224 285 2302 180,
302 2227 557 2315 20,ωρνωίπωίέ
604 2252 641 2297 se
657 2236 815 2319 utrisque
829 2235 987 2300 manibus
1003 2236 1197 2319 praecinxit.

205 2386 257 2400 ..
300 2344 354 2427 27,
369 2351 472 2438 {eqeb
603 2354 692 2422 deest.

208 2470 282 2547 181,
324 2475 355 2551 3,
372 2477 554 2563 transfreta·
602 2480 695 2545 addit
712 2480 838 2559 Paris,
861 2487 901 2546 nt
916 2479 1153 2566 multiplicatis
1167 2481 1298 2546 viribus

368 2575 414 2639 cit
622 2580 936 2646 sortiorremearet.

205 2734 256 2748 —
299 2697 552 2775 ll,ooncensen-
600 2704 692 2770 addit
719 2704 845 2783 Paris„
871 2705 951 2770 Rex
975 2706 1093 2789 itaque
1123 2704 1297 2770 Hearicus

362 2798 404 2863 rit
622 2806 774 2870 sentiens
797 2804 1038 2869 conscientiam
1059 2822 1157 2868 snam
1177 2805 1213 2868 in
1236 2806 1296 2869 ob-

622 2911 718 2969 tento
732 2904 830 2987 regni
840 2905 1075 2981 cauteriatam,
1087 2904 1295 2988 eratqnippe

621 3002 798 3084 eleganter
819 3002 988 3080 literatus,
1008 3011 1130 3085 utpote
1149 3022 1170 3067 a
1192 3003 1295 3085 prim-

621 3120 698 3166 aeva
710 3108 814 3166 aetate
827 3109 1000 3185 praecepto
1016 3102 1124 3185 petris
1137 3100 1295 3166 addictus

620 3199 729 3265 literis
743 3208 778 3266 et
787 3201 912 3286 jamin
925 3200 1016 3285 jare,
1033 3201 1124 3286 quod
1138 3201 1294 3266 audierat

621 3306 765 3378 secreto,
783 3299 978 3384 expeditus,
995 3300 1102 3383 coepit
1117 3301 1153 3364 in
1169 3309 1293 3365 semet·

619 3400 695 3483 ipso
724 3400 873 3483 impetus
903 3399 1153 3483 insurgentium
1178 3400 1291 3464 formi-

618 3498 713 3577 dare,
749 3508 785 3564 et
816 3499 885 3564 Dei
916 3498 1083 3584 judicium
1116 3498 1153 3562 in
1177 3499 1290 3582 ipsum

618 3598 812 3678 fulminare,
836 3618 877 3663 eo
903 3597 994 3682 qnod
1015 3597 1114 3662 fratri
1137 3617 1199 3662 suo
1220 3600 1291 3682 pri·

618 3699 803 3780 mogenito,
830 3699 887 3763 cni
906 3695 967 3783 jus
992 3698 1088 3780 regni
1111 3696 1291 3763 manifeste

617 3799 846 3881 competebat,
870 3805 997 3863 temere
1019 3796 1217 3879 usurpando
1237 3798 1289 3861 in-

613 3897 708 3982 juste
739 3898 841 3962 nimis
873 3897 1083 3974 abstulerat3
1120 3893 1181 3959 sed
1211 3896 1289 3978 plus

617 3997 741 4061 timens
757 3996 912 4062 homines
930 4015 1033 4078 quam
1050 3993 1175 4070 Deum,
1193 3995 1290 4075 regni

617 4095 749 4161 nobiles
764 4097 874 4179 primo
890 4094 1041 4159 subdolis
1058 4093 1219 4176 pollicitis
1235 4090 1288 4156 in·

617 4194 776 4259 elinando
797 4194 1003 4270 conciliavit,
1021 4192 1178 4273 cogitans
1193 4198 1289 4274 post·

616 4313 658 4359 ea
678 4315 740 4378 per
758 4294 992 4359 fundationem
1012 4292 1172 4369 abbatiae,
1184 4310 1288 4374 quam

614 4402 812 4459 construere
825 4398 1063 4476 proposuerat,
1074 4391 1116 4455 de
1131 4396 1229 4455 tanta
1238 4391 1288 4454 in-

610 4494 706 4579 juria
720 4494 797 4559 Deo
814 4491 1023 4557 satisfacere.
1064 4489 1288 4571 Magnetibus

614 4594 721 4677 igitur
732 4594 829 4677 regni
841 4594 885 4658 ob
900 4591 964 4656 hoc
975 4589 1187 4655 Londoniam
1199 4589 1289 4654 edic·
