3334 5734
385 780 450 846 18⁴
747 793 947 843 nuoriouns
968 794 1103 844 vinis.

438 986 551 1056 nente,
573 977 662 1062 quod
683 979 776 1043 omni
803 977 968 1041 instantio
989 975 1042 1040 his
1064 976 1344 1059 obsequerentur,
1365 983 1401 1040 et
1420 995 1470 1040 re·

438 1097 516 1161 gom
544 1085 718 1160 cogerent,
749 1077 779 1142 si
809 1076 898 1141 sorte
925 1076 1080 1159 resipisci
1109 1075 1224 1154 vellet,
1253 1076 1319 1141 hoc
1348 1083 1470 1140 tenne.

438 1177 626 1261 Sequentes
643 1183 757 1241 sutem
771 1175 977 1260 juraverunt
993 1175 1086 1258 quod
1101 1176 1370 1258 obsequerentur
1384 1193 1472 1238 mun·

438 1277 521 1342 dato
534 1276 657 1359 viginti
671 1277 822 1361 quinque
840 1277 1003 1339 baronum
1016 1294 1026 1354 3
1051 1294 1165 1339 comes
1179 1274 1222 1339 de
1233 1273 1348 1352 Olore,
1364 1292 1473 1339 oomos

439 1376 482 1442 de
494 1374 662 1454 Arundol,
675 1394 788 1441 comes
799 1373 1008 1449 Wurenniae,
1026 1372 1199 1439 Henrious
1216 1374 1321 1450 Doili‚
1338 1372 1473 1438 Huber-

440 1475 556 1540 tuedo
573 1476 682 1559 Burg,
705 1474 894 1540 Matthaeus
912 1473 1002 1537 filius
1022 1472 1217 1549 Hereberti,
1238 1473 1414 1539 Robortus
1435 1473 1474 1536 de

442 1573 600 1654 Pinkeni,
624 1574 783 1657 lisgerus
805 1572 1011 1651 Hosoarlus,
1034 1571 1208 1638 Robertus
1226 1573 1270 1637 de
1295 1572 1472 1654 Neuburg‚

444 1673 617 1741 Henrious
629 1675 673 1739 ‹le
690 1674 802 1739 Ponte
819 1672 1020 1749 Audomuri,
1038 1671 1244 1755 liudulphus
1261 1671 1305 1736 de
1321 1673 1358 1736 lu
1374 1670 1474 1749 Heio,

443 1773 616 1839 Honrious
634 1774 678 1839 de
699 1771 909 1850 Brenteseld,
927 1771 1036 1836 Gurin
1057 1771 1148 1837 filius
1167 1771 1310 1850 Gerold,
1327 1771 1474 1836 Thomas

444 1875 578 1953 Busset,
593 1873 787 1940 willelmus
815 1871 858 1936 de
882 1870 1070 1949 Rokelont‚
1085 1870 1280 1937 willelmus
1299 1872 1342 1935 de
1363 1871 1473 1935 Saint-

438 1973 559 2061 johan,
577 1972 713 2039 Alanus
732 1973 867 2047 Busset,
892 1970 1086 2036 Richardus
1109 1970 1152 2035 de
1177 1970 1343 2054 Ripuriis‚
1370 1969 1473 2051 Hugo

442 2073 486 2138 de
503 2073 669 2153 Benevol,
693 2070 857 2137 lordonis
881 2070 924 2135 de
942 2068 1112 2148 Suukvill,
1134 2069 1201 2135 Ru
1217 2069 1397 2153 Murgan,
1421 2069 1474 2134 lii

443 2171 663 2247 Sibfleuvust.
691 2171 866 2238 Robertus
890 2171 933 2234 de
958 2169 1103 2253 Ropele,
1128 2169 1295 2235 Andreas
1320 2169 1365 2233 de
1389 2169 1476 2234 Beu-

442 2291 554 2355 oump,
578 2271 756 2338 walterus
787 2269 830 2334 de
868 2269 1092 2352 Dunestuple,
1118 2268 1295 2335 walterus
1330 2268 1476 2345 Polion,

445 2369 595 2449 Foukes,
611 2370 635 2435 J
637 2371 790 2438 ohannes
805 2368 1067 2445 Mureschullus,
1086 2367 1267 2453 Philippus
1286 2367 1330 2432 de
1345 2368 1475 2446 Abieni,

442 2469 637 2536 Willolmns
672 2473 715 2538 de
752 2467 877 2547 Paros,
908 2466 1114 2552 liudulphus
1149 2468 1192 2533 de
1231 2467 1477 2542 Normuuville,

443 2568 636 2635 Willolmus
658 2571 701 2636 de
724 2567 840 2646 Porci,
857 2567 1051 2634 Willelmus
1075 2566 1238 2650 Agoilnn,
1257 2567 1417 2650 Engerus
1438 2566 1477 2631 do

444 2667 594 2745 Pretost,
618 2669 812 2736 Willelmus
837 2667 881 2733 de
914 2665 1044 2744 Cirent,
1077 2665 1237 2751 Rogems
1270 2667 1314 2732 de
1350 2665 1478 2744 Zuohs,

445 2769 605 2851 Rogerus
620 2768 710 2834 lilius
728 2766 907 2845 Bernurdi,
924 2765 1131 2831 Godeiridus
1147 2767 1190 2832 de
1205 2765 1407 2844 Cruonmbe,
1421 2766 1478 2848 qui

444 2887 562 2933 omnes
576 2869 782 2953 juraverunt
795 2866 887 2951 quod
902 2867 1169 2950 obsequerentur
1183 2867 1346 2931 mundato
1361 2864 1477 2949 viginti

443 2968 594 3051 quinque
614 2964 997 3034 baronum-Omitted
1011 2965 1047 3030 in
1064 2965 1100 3031 0.

404 3090 461 3129 m.
494 3091 547 3129 ΠΙ.

396 3154 472 3228 319,
509 3157 541 3230 8,
557 3162 585 3219 ot
603 3156 717 3221 turrim
790 3151 1084 3235 cumquibusdum
1100 3150 1189 3217 ullis.

556 3254 731 3321 londonio·

561 3374 632 3418 mm

395 3505 445 3519 -
490 3465 744 3543 limos-sim
790 3465 883 3532 addit
903 3465 1176 3545 Puris.,Volens
1198 3475 1313 3532 autem
1338 3486 1399 3532 rex
1421 3467 1482 3533 Jo-

813 3566 944 3631 hunnes
969 3566 1012 3630 ud
1034 3566 1197 3651 majorem
1215 3567 1433 3632 securitatem
1449 3574 1483 3631 et

813 3666 918 3731 robur
933 3665 1168 3731 diuturnitatis
1185 3667 1258 3731 haec
1279 3666 1482 3731 inviolabili·

814 3773 868 3830 ter
895 3763 1082 3843 observari,
1112 3766 1205 3830 misit
1239 3765 1284 3831 ud
1313 3765 1482 3830 dominum

813 3881 939 3947 papum
969 3862 1217 3941 Innocentium,
1248 3884 1378 3948 rogans
1407 3883 1483 3929 oon·

814 3972 948 4028 stanter
967 3970 1007 4028 ut
1025 3964 1105 4028 huin
1130 3965 1196 4048 pise
1220 3964 1432 4030 concessioni
1450 3972 1484 4029 et

814 4063 1067 4128 confirmationi
1083 4083 1155 4129 suae
1167 4064 1320 4129 savorem
1333 4063 1484 4146 dignare

815 4171 872 4227 tur
883 4162 1043 4228 exhibere
1055 4172 1091 4229 et
1105 4163 1246 4228 eundem
1260 4163 1366 4228 bullae
1380 4164 1485 4226 mnni-

813 4262 904 4326 mine
917 4262 1138 4343 confirmem
1161 4263 1221 4346 qui
1235 4264 1318 4345 quis
1328 4262 1402 4348 jam
1416 4262 1484 4327 luc-

814 4368 870 4425 tus
888 4360 954 4425 luit
968 4364 1158 4445 obsequens
1176 4381 1275 4446 pupae
1290 4362 1442 4428 vasallus
1452 4365 1486 4426 o't

814 4480 876 4524 rex
900 4461 1121 4544 apostolicus,
1144 4462 1268 4527 meruit
1289 4481 1369 4546 quse
1390 4462 1486 4545 petiit

813 4560 916 4625 citius
943 4561 1126 4644 impetrare
1160 4562 1224 4627 sub
1258 4562 1324 4628 hac
1357 4560 1484 4638 forma3
