3334 5734
562 774 760 826 uueriouue
782 774 916 824 vunnu.
1219 751 1286 820 279

199 897 260 935 m.
283 896 336 936 un·

192 957 272 1036 25⁷,
289 961 344 1038 31,
358 959 511 1028 amenio
589 969 724 1046 patruo.

192 1126 246 1137 —
290 1083 546 1160 35‚etdiediotie
592 1105 634 1152 eo
655 1087 710 1151 vir
729 1085 947 1169 sanguinum,
969 1084 1006 1149 in
1025 1102 1116 1161 eum,
1140 1082 1199 1167 qui
1225 1079 1283 1146 diu

361 1231 370 1248 ·
388 1232 397 1249 ·
417 1233 426 1250 .
435 1187 544 1272 proei-
614 1186 698 1251 mihi
710 1186 863 1270 meisque
871 1182 1144 1250 eutecessoribue
1155 1182 1192 1247 in
1200 1181 1286 1246 mul·

360 1282 442 1351 dom
615 1282 1097 1370 tiueervivitpericuliu,plue
1109 1280 1286 1367 pensando

616 1385 720 1466 muln,
747 1403 825 1470 qum
851 1382 963 1451 adhue
983 1403 1053 1448 uon
1073 1389 1157 1448 sunt
1177 1378 1287 1446 muni-

616 1485 705 1552 seete
733 1503 775 1551 ue
801 1503 865 1569 pro
886 1502 970 1549 vero
998 1481 1155 1567 probate,
1183 1498 1287 1565 quem

616 1585 726 1652 multe
740 1585 844 1664 bone,
860 1582 903 1649 de
917 1583 1042 1667 quibus
1057 1600 1164 1664 reguo
1179 1586 1215 1645 et
1227 1598 1289 1644 uo·

617 1685 672 1750 bie
702 1690 840 1751 eonutut
868 1681 1049 1760 universis,
1078 1679 1288 1746 retribuere!

619 1784 677 1864 Et,
699 1784 754 1850 hie
774 1783 887 1862 dietis,
908 1782 1019 1847 denus
1039 1780 1076 1846 iu
1100 1779 1288 1845 misericor·

618 1883 709 1949 dium
724 1883 892 1949 eoneeeeit
908 1880 1069 1947 Huberto
1090 1898 1207 1946 omues
1223 1885 1287 1944 ter·

618 2003 688 2063 rau,
709 2002 795 2068 quae
810 2002 856 2047 ex
871 1980 962 2047 douo
976 1979 1086 2065 patris
1101 1979 1156 2044 sui
1172 1977 1227 2045 vei
1243 1997 1289 2042 ex

618 2083 788 2167 emptione
802 2081 1013 2166 possidebat,
1025 2078 1152 2145 utiude
1166 2077 1232 2143 eibi
1248 2095 1290 2142 ue

619 2182 691 2248 soie
704 2181 897 2249 necessarie
911 2178 1118 2264 provideret.
1150 2177 1201 2243 At
1213 2176 1290 2241 Hu-

617 2284 736 2349 bertue
767 2280 1018 2366 aliquantulum
1052 2278 1126 2363 jum
1157 2283 1291 2343 erectus
1333 2270 1337 2280 '

620 2381 797 2448 constituit
827 2380 1048 2465 providenter
1080 2376 1215 2443 fidelem
1250 2394 1291 2440 ac

620 2481 799 2567 providum
814 2500 921 2566 snpra
936 2487 1047 2545 terreo
1064 2477 1130 2542 eibi
1153 2493 1292 2541 conoes-

621 2601 679 2648 eue
728 2581 904 2647 custodem
945 2598 987 2644 ec
1033 2575 1293 2651 seneschallum,

623 2680 845 2746 Laurentium
878 2677 1021 2755 scilieet,
1054 2675 1214 2741 clericum
1249 2672 1293 2736 de

622 2788 742 2845 sancto
755 2778 906 2856 Aibuno,
926 2777 987 2861 qui
1007 2776 1044 2840 in
1063 2774 1220 2838 omuibus
1236 2769 1295 2835 tri·

622 2877 856 2945 bulatiouibus
868 2874 978 2941 eidem
992 2873 1126 2939 exstitit
1135 2871 1295 2937 Huberto

623 2978 783 3045 eolutium
800 2975 975 3059 singulare
993 2981 1028 3039 et
1044 2971 1226 3038 immobilis
1239 2988 1294 3034 oo-

623 3078 741 3144 lumue
754 3076 920 3143 veritatis.

205 3210 280 3287 258,
319 3204 550 3290 osmer...
598 3201 716 3269 eom.

366 3300 547 3368 Richardor

370 3422 465 3469 eomes

205 3574 257 3586 -
302 3530 353 3606 14,
369 3526 448 3593 desit
602 3517 699 3584 deest
714 3516 759 3582 ud
772 3510 1063 3581 eonsuetudiuem.

208 3654 285 3729 263,
302 3653 354 3729 19,
371 3649 458 3716 dioto
471 3647 556 3733 roffi·
601 3650 684 3708 suut
697 3638 927 3706 manifestate.

371 3749 458 3815 eam

207 3918 259 3932 -
302 3909 348 3925 -
370 3871 525 3957 reffioiout
605 3866 696 3934 addit
715 3864 841 3942 Parin,
865 3862 954 3926 Item
978 3855 1115 3941 eoripeit
1139 3850 1297 3919 dominus

628 3985 721 4051 pepe
736 3982 841 4047 super
862 3960 981 4025 eedem
1002 3953 1198 4022 visitatione
1215 3950 1300 4014 feei·

628 4065 717 4131 ende
730 4064 768 4129 in
789 4060 943 4127 ecclesiis
960 4052 1142 4138 exemptis,
1159 4051 1196 4115 iu
1218 4067 1297 4132 pro·

628 4163 741 4231 vincia
771 4156 1009 4227 Guntunrieuei
1039 4153 1127 4230 sitis,
1157 4150 1192 4215 iu
1221 4148 1295 4212 hmo

628 4265 754 4344 verba3
780 4258 994 4344 ‘Gregorius
1017 4253 1206 4338 episeopus,
1228 4266 1297 4311 eer-

628 4383 694 4431 vus
712 4380 889 4429 servorum
908 4356 987 4435 Dei,
1008 4351 1142 4419 dilectis
1158 4349 1237 4414 filiis
1253 4348 1297 4412 de

628 4462 753 4541 Boxle,
778 4457 1025 4533 cisterciensis,
1056 4460 1092 4518 et
1116 4451 1159 4515 de
1183 4447 1295 4514 Beke·

629 4564 721 4642 hom,
737 4554 1077 4627 Prmmoustrutensie
1091 4550 1231 4627 ordinis,
1240 4548 1297 4613 ub·
