3334 5734
354 754 420 821 ῃ)
725 761 925 812 bubulenus
947 761 1080 811 vam.

355 894 413 1034 ¹:37⁰,
447 892 501 1032 a&
517 952 705 1040 qui..eoa-
753 956 789 1016 et
803 967 823 1014 e
839 966 1018 1014 converso.

510 1053 666 1138 j'ecturum

357 1214 409 1227 -
472 1181 504 1256 8,
521 1174 667 1259 meets·
753 1174 847 1242 addit
857 1173 982 1252 Paris„
996 1172 1098 1238 Circa
1113 1170 1175 1237 illa
1191 1178 1347 1256 tempora
1361 1190 1454 1256 papa

521 1296 592 1341 rum
777 1274 967 1352 Honorius,
1006 1272 1080 1355 regi
1115 1271 1310 1337 desiderans
1343 1273 1454 1336 incre·

777 1382 930 1440 mentum
955 1373 991 1437 in
1012 1374 1167 1450 virtutes,
1193 1373 1333 1455 scripsit
1360 1373 1393 1436 ai
1418 1373 1453 1436 in

777 1475 851 1540 haeo
880 1475 1006 1552 verbu3
1035 1470 1252 1549 ‘Honorius,
1281 1473 1357 1554 regi
1382 1470 1454 1536 An·

778 1575 925 1658 giorum.
963 1571 1052 1639 Cum
1068 1580 1102 1637 te
1118 1580 1282 1655 tunquam
1298 1572 1456 1636 ecelesia

778 1673 947 1740 Romanae
973 1672 1081 1736 filium
1108 1671 1290 1755 specialem
1320 1671 1454 1735 sincero

778 1773 961 1855 diligentes
972 1772 1097 1837 affeetu
1110 1772 1292 1855 cupiamus
1309 1779 1350 1836 ut
1362 1771 1455 1853 apud

779 1873 893 1938 Deum
910 1880 946 1938 et
961 1872 1114 1937 homines
1133 1870 1294 1955 proficias
1317 1872 1454 1954 sapien·

780 1973 831 2039 tia
867 1979 903 2036 et
932 1979 1048 2049 oetate,
1082 1970 1227 2035 libenter
1258 1970 1455 2035 salubribus

779 2071 919 2137 monitis
957 2071 1211 2156 praemunimus,
1246 2090 1326 2154 quas
1357 2077 1454 2135 tanto

780 2172 885 2237 altius
925 2171 1019 2235 cordi
1063 2177 1124 2235 tuo
1172 2170 1298 2235 debent
1345 2170 1453 2252 infigi,

779 2278 911 2355 quanto
941 2289 987 2336 ex
1021 2270 1145 2354 majori
1172 2279 1299 2334 nostrae
1329 2271 1454 2334 mentis

779 2370 958 2435 affectione
984 2369 1182 2454 procedunt.
1232 2369 1326 2450 Quia
1349 2370 1455 2452 igitur

780 2471 885 2536 timor
905 2469 1047 2535 Domini
1067 2477 1120 2534 est
1139 2470 1323 2547 sonoritas,
1341 2471 1403 2554 qui
1416 2489 1453 2534 se

781 2577 919 2654 potatos
936 2588 959 2634 a
974 2576 1117 2653 peceato
1139 2588 1355 2653 praeservans
1376 2589 1453 2633 eru-

780 2669 832 2734 dit
857 2668 1015 2747 salutem,
1033 2675 1269 2753 praestansque
1293 2669 1451 2734 fiduciam

780 2769 1002 2848 fortitudinis,
1028 2787 1116 2852 quos
1140 2767 1244 2834 afficit
1266 2768 1380 2834 reddit
1408 2769 1450 2833 ab

780 2867 937 2933 hostibus
949 2870 1073 2933 mentis
1088 2876 1123 2933 et
1132 2867 1284 2953 corporis
1295 2870 1448 2945 tutiores,

780 2969 999 3034 serenitatem
1036 2969 1165 3051 regiam
1202 2988 1380 3033 monemus
1417 2976 1451 3034 et

781 3067 958 3132 hortamur
973 3075 1116 3146 attente,
1131 3075 1301 3152 quatenus
1316 3070 1360 3133 ab
1370 3069 1450 3133 ado-

781 3167 947 3234 lescentia
965 3174 1026 3233 tua
1047 3169 1160 3233 timori
1176 3167 1318 3234 Domini
1335 3187 1450 3234 assua-

782 3284 881 3331 scens
897 3268 933 3334 in
949 3287 991 3333 eo
1011 3275 1128 3333 teneas
1150 3275 1185 3332 te
1205 3268 1384 3345 instanter,
1403 3275 1450 3333 te·

782 3385 849 3451 que
881 3386 904 3432 a
938 3368 1032 3433 vitiis
1064 3369 1240 3433 continens
1269 3367 1451 3433 virtutihus

781 3467 889 3531 imbui
913 3474 1055 3550 satagos
1082 3468 1247 3546 studiose,
1275 3487 1451 3550 sponsam·

781 3585 850 3650 que
874 3565 1004 3633 Christi
1025 3567 1212 3646 eeclesiam,
1229 3573 1266 3633 et
1279 3567 1450 3632 ministros

781 3665 902 3749 ipsius,
925 3667 961 3731 in
984 3668 1107 3750 quibus
1130 3668 1219 3733 idem
1237 3667 1400 3732 honorari
1416 3674 1450 3731 et

781 3766 897 3850 sperni
917 3786 955 3831 se
972 3767 1106 3845 usserit,
1123 3765 1297 3831 humiliter
1311 3786 1450 3831 renere-

781 3865 851 3945 ris;
872 3865 969 3930 utde
990 3866 1103 3949 gratia
1124 3866 1341 3949 ingratiam,
1362 3866 1452 3931 etde

781 3965 909 4031 virtute
928 3965 1109 4049 proficiens
1131 3966 1166 4030 in
1183 3967 1360 4043 virtutem,
1376 3967 1453 4030 sub-

778 4063 909 4150 jeetum
929 4065 993 4129 tibi
1016 4066 1181 4149 populum
1205 4066 1242 4130 in
1266 4065 1452 4150 pulchritu-

782 4164 862 4229 dine
886 4165 981 4248 pacis
1005 4174 1041 4230 et
1062 4165 1178 4249 requie
1204 4165 1370 4249 opulenta
1392 4184 1452 4247 gu·

782 4265 916 4344 bernes,
935 4273 970 4330 et
985 4265 1057 4331 dies
1074 4284 1178 4349 super
1193 4264 1266 4329 dies
1281 4265 1373 4347 regis
1394 4264 1452 4329 ad·

778 4363 903 4449 jicians
925 4365 1095 4430 Dominus
1119 4383 1226 4429 anuos
1251 4364 1469 4449 multiplicet¹

781 4464 864 4529 vitae
879 4472 960 4543 tuae,
974 4465 1180 4549 tandemque
1197 4462 1239 4528 de
1260 4472 1395 4529 terreno
1416 4470 1449 4528 et

781 4564 979 4631 transitorio
1011 4572 1045 4630 ta
1073 4564 1117 4631 ad
1147 4584 1291 4647 reguum
1317 4565 1448 4629 celeste
