3334 5734
384 730 451 798 288
760 745 956 796 unomortus
980 746 1110 795 vsurn.

397 869 453 905 rto.
479 869 529 906 ΠΙ.

387 933 463 1007 285,
481 935 533 1010 23,
544 933 637 1019 jurat
784 933 901 1018 aliquo
932 951 1156 1018 prorumpens
1182 934 1219 997 in
1247 932 1334 997 iram
1360 932 1479 1017 spiritu

805 1032 935 1099 effraeni
943 1034 1087 1119 juravit

386 1198 436 1210 -
479 1191 522 1204 -
547 1164 589 1220 tot
783 1164 837 1223 tot
853 1157 1074 1241 alienigenas.

388 1315 438 1325 -
481 1280 533 1356 24,
551 1287 667 1344 ueram
782 1281 1010 1361 odditParis.,
1022 1281 1195 1365 Itaquam
1208 1280 1361 1364 suspecti
1378 1298 1479 1364 quam

804 1382 949 1448 timendi
975 1388 1057 1447 sunt
1082 1380 1317 1459 Pietavenses,
1342 1389 1383 1445 ut
1401 1399 1479 1444 oon·

804 1489 909 1565 gruat
931 1480 1000 1546 illis
1017 1480 1103 1547 illud
1122 1480 1308 1565 poeticum,
1325 1473 1478 1544 ‘Timeo'

805 1582 948 1647 Danaos
962 1589 999 1646 et
1013 1579 1105 1647 done
1118 1579 1292 1646 serentes!
1335 1578 1478 1644 Praeter·

805 1681 906 1747 mitto
930 1682 993 1746 sub
1015 1681 1153 1746 silentio
1175 1678 1272 1764 qnid,
1297 1678 1479 1764 suspendio

805 1781 962 1847 morituri
992 1779 1085 1866 apud
1116 1778 1301 1855 Bedesord,
1315 1778 1375 1856 ‚de
1406 1777 1478 1861 ipso

804 1879 967 1966 episeopo
972 1879 1204 1947 wintoniensi
1217 1887 1254 1945 et
1264 1879 1390 1945 comite
1400 1876 1480 1944 Ces·

804 1982 883 2047 triae
899 2001 976 2047 cum
986 1979 1185 2066 juramento
1198 1978 1425 2044 affirmarunt.

388 2143 438 2155 -
483 2103 537 2180 28,
553 2099 709 2168 eredibilie
784 2104 1022 2188 deprecabilis,
1047 2112 1083 2170 et
1106 2113 1179 2169 tum
1206 2102 1345 2169 demum
1369 2104 1480 2186 regius

553 2210 597 2266 eet
805 2205 949 2288 sanguis
984 2204 1144 2283 uincitur,
1177 2223 1255 2269 cum
1292 2223 1332 2269 se
1360 2203 1479 2270 vicisse

805 2303 1037 2389 conspexerit.

388 2467 438 2477 -
482 2425 534 2502 31,
549 2423 628 2489 dicit
783 2426 874 2495 deest.

387 2591 438 2602 -
483 2552 535 2629 33,
550 2549 694 2614 metimus
783 2549 876 2617 addit
904 2550 1026 2630 Paris,
1054 2558 1090 2617 et
1111 2551 1224 2617 adhuc
1249 2552 1412 2618 timentes
1438 2552 1480 2618 la·

805 2670 926 2734 queos,
944 2671 1032 2736 qnos
1048 2652 1231 2717 evasimus.

389 2809 440 2821 —
483 2771 737 2851 tunneto.
786 2781 900 2841 mente
934 2777 1071 2854 nobilis,
1108 2777 1198 2842 sicut
1236 2785 1273 2842 et
1304 2778 1479 2862 sangnine,

555 2893 585 2938 so
598 2873 665 2960 ipro
807 2876 994 2941 exorabilis
1039 2896 1172 2942 necnon
1218 2883 1253 2942 et
1301 2878 1479 2955 credibilis,

807 2995 908 3059 quem
940 2976 1037 3041 Deus
1066 2975 1124 3042 diu
1157 2976 1262 3041 talem
1293 2985 1479 3055 conservet,

808 3095 927 3141 verum
944 3084 1008 3141 est.

391 3196 465 3274 286,
506 3199 535 3274 6,
549 3195 740 3262 eraderem
787 3199 993 3264 credendum
1008 3208 1152 3266 estnec.

390 3358 441 3373 —
507 3317 539 3397 7,
554 3319 623 3385 eidi
785 3322 878 3486 ogdo
904 3322 1029 3403 Paris,
1047 3325 1208 3409 operibus
1233 3326 1324 3391 enim
1345 3326 1480 3392 creden·

831 3443 890 3487 um
907 3430 969 3488 est.

391 3584 441 3597 -
486 3545 539 3619 18,
554 3545 741 3629 contrajer-
786 3545 974 3630 Ahitophel
992 3555 1027 3612 et
1042 3553 1163 3613 contra
1178 3547 1351 3633 justitiam
1376 3550 1482 3614 scien·

530 3642 662 3707 tetiam
682 3644 740 3708 im·
809 3653 862 3710 ter
879 3645 1131 3730 impendebant.

548 3742 691 3828 padam

390 3909 440 3923 -
485 3868 741 3946 288880888ιηί-
785 3867 878 3934 addit
894 3867 1016 3947 Paris,

556 3967 621 4034 Μὴ·
635 3976 707 4034 Mi
812 3992 942 4053 ‘Rumor
955 3993 992 4053 de
1004 3995 1093 4053 veteri
1105 3994 1191 4054 iaeiet
1201 4004 1321 4055 renarra
1333 3997 1437 4066 timeri3

827 4088 900 4149 Cras
913 4097 1046 4168 potenmt
1059 4089 1120 4149 fieri
1132 4091 1234 4169 turpia
1247 4092 1321 4151 deut
1333 4090 1413 4153 heri!

809 4216 855 4282 Et
873 4217 961 4282 alius
976 4218 1126 4301 sapiens,

807 4340 903 4399 ‘Felix
912 4360 997 4419 quem
1004 4340 1113 4401 iaciunt
1120 4342 1213 4402 alienu
1220 4343 1347 4422 periorla
1356 4347 1480 4403 eaumm'
1598 4374 1601 4377 ⁴

738 4540 860 4608 mm]
877 4543 968 4608 ungu.
981 4544 1038 4596 nn.
1049 4546 1078 4597 u.
1090 4550 1130 4597 ro.
