3334 5734
381 723 426 790 ὦ
533 728 536 733 ’
750 740 950 791 tunsiones
977 743 1111 795 VARIAE.

433 924 559 989 bantur
583 923 628 988 ab
643 923 709 988 hiis
723 922 869 1002 dnobus,
883 926 943 1009 qui
962 925 1089 993 ibidem
1103 930 1279 1014 quiescere
1295 930 1475 996 dinoscun-

432 1023 513 1089 tur?
565 1023 640 1089 Fol.
656 1024 710 1089 49.

393 1147 454 1189 m.
480 1147 532 1186 uit.

386 1212 463 1287 233,
481 1212 535 1288 13,
552 1228 607 1275 ree
780 1228 858 1273 curn
874 1230 948 1276 rex.

387 1370 438 1382 —
480 1334 705 1420 14113414-
780 1334 1016 1416 pertransiret.

552 1454 619 1499 sons

388 1594 440 1607 ..
482 1560 536 1636 23,
551 1578 665 1645 quoquo
780 1552 897 1636 igitur.

391 1686 465 1762 235,
483 1686 536 1762 28,
551 1682 706 1748 annulatus
780 1678 1006 1763 proscriptus.

392 1809 465 1886 236,
483 1805 535 1886 17,
552 1806 664 1894 recepit
781 1800 857 1866 The
876 1801 1015 1868 Cotton.
1025 1802 1102 1870 MS.
1112 1805 1209 1885 adds,
1225 1809 1377 1875 ‘Obitus
1395 1809 1476 1876 Gel-

804 1901 884 1967 fridi
900 1902 943 1967 de
959 1902 1185 1985 Mendevilla,
1205 1909 1299 1973 xviii
1320 1908 1392 1975 kal.
1410 1910 1475 1977 Oe-

805 2002 924 2067 tobris
976 2000 1167 2084 Galsridun
1183 2025 1299 2074 eomes
1313 2008 1475 2095 Andegn-

806 2101 934 2180 vensis‚
950 2102 1043 2188 cepit
1056 2102 1330 2173 Normenniem.'

392 2227 466 2304 238,
482 2227 534 2303 21,
550 2245 693 2291 sensero
784 2225 976 2291 excusavit.

546 2325 654 2411 potuit

391 2449 466 2525 240,
485 2445 537 2526 27,
550 2448 606 2534 qui
784 2468 902 2532 qnnm.

393 2574 466 2651 241,
510 2570 539 2650 7,
555 2572 601 2637 ad
612 2570 715 2638 urbem
785 2572 903 2640 114241.

394 2699 469 2773 242,
507 2699 537 2775 2,
553 2698 724 2783 quantitate
785 2696 865 2763 deest

394 2820 469 2896 244,
485 2821 537 2898 21,
554 2819 647 2906 eooqit
786 2820 878 2886 addit
891 2821 1221 2900 Paris.,Trans1atio
1230 2831 1342 2895 sancti
1353 2830 1478 2896 Erken·

809 2921 911 2986 weldi
936 2923 1099 3007 episcopi,
1118 2925 1250 2994 decimo
1271 2937 1397 2996 octavo
1418 2930 1478 2995 ka·

807 3019 926 3085 lendes
942 3022 1153 3089 Decembris.

787 3143 920 3210 ducem.

789 3266 881 3333 addit
912 3267 1036 3351 Paris,
1066 3272 1234 3340 Reversis
1263 3274 1476 3360 imperatoris

811 3365 994 3433 Alemanni
1006 3378 1042 3436 et
1056 3374 1149 3455 regis
1160 3373 1286 3440 Galliae
1301 3376 1343 3441 de
1359 3377 1478 3444 Hiern

811 3467 961 3550 solymis.
1024 3470 1209 3539 Lexebnna
1242 3483 1346 3558 eapte
1376 3485 1431 3542 est
1457 3498 1477 3541 a

812 3564 1028 3633 Christianis.
1050 3568 1246 3638 Gilebertus
1258 3575 1478 3642 Folioteffici-

811 3673 869 3729 tur
885 3667 1065 3752 episeopus
1083 3669 1359 3741 Heresordensis.

397 3815 448 3827 -
491 3777 545 3857 17,
553 3782 685 3867 panfloo
790 3790 937 3872 pacifici.

394 3944 447 3957 -
490 3905 543 3981 22,
565 3904 633 3969 dean
658 3907 746 3972 Nor-
790 3909 883 3976 addit
900 3910 1119 3991 Peris.,Hoc
1136 3936 1227 3983 anno
1243 3920 1323 4003 gelu
1343 3923 1481 4006 coepita

563 4025 747 4072 mmmmm
813 4016 937 4094 quarto
961 4013 1038 4078 idus
1057 4015 1256 4083 Decembris
1279 4019 1409 4086 dumns
1427 4042 1481 4086 us·

814 4111 933 4192 quesd
949 4112 1164 4181 undecimum
1178 4115 1344 4184 kalendas
1354 4120 1480 4198 Martii,

813 4217 850 4273 et
863 4209 1016 4277 'feminis
1032 4213 1082 4280 sic
1093 4216 1210 4298 geleta
1222 4225 1275 4282 est
1289 4226 1328 4284 nt
1343 4222 1430 4303 pede
1449 4227 1482 4285 et

813 4327 902 4391 equo
923 4314 1138 4379 transiretur.
1190 4316 1270 4383 Rex
1291 4318 1484 4404 Stephanus
1526 4356 1528 4360 ·

813 4406 964 4475 firmavit
974 4413 1154 4479 castellnm
1169 4418 1260 4500 apud
1273 4417 1482 4505 Radingnm.

393 4554 447 4568 -
489 4524 543 4599 33,
557 4522 716 4589 estvm
790 4527 880 4595 deest.
