3334 5734
591 774 791 829 nnorrorms
814 775 944 829 vaura.
1245 758 1309 827 lul

217 958 341 1025 lantes.
393 958 440 1025 Et
462 958 579 1027 statim
605 977 737 1043 pauper
761 958 898 1025 domum
925 975 1023 1025 snam
1047 956 1193 1023 lmtinns
1211 957 1308 1036 abiit,

217 1058 417 1141 scalamque
437 1058 609 1142 quandam
629 1078 706 1127 curn
730 1058 902 1137 funiculis,
923 1077 1010 1143 quos
1032 1063 1175 1123 noverat
1196 1076 1310 1123 neces·

217 1157 342 1235 sarius,
368 1177 446 1222 cnm
468 1177 602 1233 summa
632 1159 850 1225 festinatione
873 1157 1094 1241 preparavit,
1118 1165 1153 1223 et
1175 1156 1310 1222 rediens

216 1256 346 1325 (limisit
360 1276 435 1323 earn
448 1259 485 1323 iu
500 1265 640 1341 puteum
656 1258 761 1323 solus.
813 1257 861 1323 Bt
874 1257 1003 1335 statim,
1017 1257 1120 1323 immo
1133 1258 1259 1339 raptim
1276 1265 1312 1321 et

217 1356 390 1435 certatim,
406 1356 461 1423 leo
475 1365 511 1421 et
526 1357 650 1439 anguis
664 1377 726 1441 per
742 1357 872 1440 gradus
885 1356 987 1421 scalae
1002 1355 1224 1433 ascendentes
1243 1356 1309 1440 ipsi

217 1457 363 1539 pauperi
378 1457 634 1539 applauserunt,
647 1464 682 1521 et
698 1457 947 1523 circumeuntes
962 1456 1066 1539 pedes
1083 1454 1114 1539 ej
1119 1474 1159 1519 us
1174 1455 1311 1521 uoluta·

218 1556 346 1622 bantur
358 1574 473 1623 coram
488 1576 530 1621 eo
546 1556 743 1633 laetabundi,
761 1555 860 1639 qnasi
876 1555 1063 1637 gratiarnm
1078 1555 1230 1619 actiones
1247 1574 1309 1637 pro

218 1654 421 1720 liberatione
450 1673 516 1720 sna
540 1655 725 1721 referentes
750 1655 869 1720 eidem.
922 1653 1051 1721 Postea
1072 1673 1154 1719 uero
1180 1673 1311 1738 pauper

217 1753 327 1835 ipsius
352 1753 481 1819 Vitalis
512 1754 728 1821 ascendentis
760 1772 900 1820 manum
929 1752 1155 1837 apprehendit
1186 1760 1222 1819 et
1249 1753 1308 1818 de·

218 1853 379 1917 osculans
403 1854 434 1917 ei
453 1852 554 1932 dixit,
568 1859 578 1893 ‘
591 1853 701 1920 Vivat
721 1873 844 1918 manns
866 1853 961 1919 haec!
995 1854 1060 1930 eia,
1084 1852 1150 1930 eia,
1175 1852 1309 1935 gaudeo

217 1951 333 2034 plane,
347 1952 429 2034 quia
441 1953 513 2017 voti
527 1972 667 2037 compos
681 1951 767 2018 effici
781 1954 888 2018 merui
900 1953 922 2033 3'
947 1960 982 2018 et
992 1951 1093 2017 duxit
1107 1970 1185 2017 eum
1201 1952 1310 2017 donec

219 2051 265 2115 ad
290 2052 447 2119 notitiam
472 2053 603 2119 itineris
624 2053 828 2136 perveniret.
880 2052 1049 2118 EtVitali
1066 2051 1237 2116 recedenti
1260 2050 1310 2116 ait

219 2149 394 2233 sylvanus
425 2152 667 2234 pauperculus,
693 2151 864 2232 ‘Quando
888 2152 1002 2217 stubi
1027 2150 1202 2234 persolves
1227 2150 1310 2215 mibi

217 2249 374 2315 debital’
424 2250 470 2317 Et
485 2250 626 2329 Vitatis,
646 2259 657 2292 ‘
674 2251 773 2318 Intra
792 2251 880 2317 diem
907 2258 1068 2334 quonum
1091 2250 1128 2314 iu
1150 2249 1309 2326 Venetia,

217 2348 378 2416 videlicet
402 2349 438 2413 in
463 2349 594 2433 palatio
617 2370 705 2428 meo,
729 2351 821 2436 quod
843 2350 980 2435 quidem
1002 2350 1170 2415 famosum
1199 2356 1252 2413 est
1274 2358 1310 2414 et

217 2448 367 2531 reperire
391 2469 460 2514 non
482 2457 536 2514 est
559 2447 716 2515 difficile!
766 2450 885 2515 Rediit
903 2449 1076 2533 Sylvanus
1099 2448 1142 2513 ad
1167 2448 1310 2523 domnn-

216 2548 331 2613 culam
356 2567 467 2626 suam,
491 2557 531 2613 ut
557 2549 751 2632 pranderet.
807 2549 888 2630 Quo
912 2549 1052 2615 sedente
1074 2548 1120 2613 ad
1143 2566 1307 2626 mensam,

217 2666 297 2712 eece
314 2647 381 2725 leo,
397 2667 498 2730 quem
514 2648 729 2727 liberauerat,
749 2657 935 2733 apportans
958 2648 1135 2715 hinnulum
1153 2648 1309 2726 intravit,

143 2822 147 2830 ,
215 2754 252 2812 et
284 2748 447 2830 apposnit
475 2766 601 2813 mensae
632 2745 831 2831 prandentis
861 2747 1007 2813 blandus
1036 2755 1071 2812 et
1095 2755 1306 2825 mansuetus,

217 2845 318 2930 quasi
337 2845 483 2912 offerens
504 2846 588 2913 illud
609 2867 672 2931 pro
694 2847 835 2931 praemio
862 2847 1016 2912 beneficii
1036 2854 1072 2911 et
1096 2845 1308 2911 liberationis

219 2954 257 3010 et
270 2946 495 3028 applaudens,
516 2947 716 3012 mitissimus
737 2947 811 3012 sine
829 2948 947 3028 rugitu
963 2953 998 3011 et
1012 2946 1066 3009 ira
1087 2953 1147 3011 aut
1161 2944 1308 3028 alicujus

215 3043 359 3111 haione
373 3046 524 3111 recessit.
574 3045 622 3112 Et
637 3046 844 3129 sequebatur
858 3064 934 3113 eum
947 3044 1119 3130 Sylranns
1134 3043 1307 3109 ludentem

214 3163 330 3208 coram
346 3164 388 3210 eo
411 3152 446 3210 et
463 3145 648 3226 lingentem
669 3145 773 3229 pedes
792 3145 879 3229 ejus,
892 3152 932 3210 nt
947 3145 1050 3210 sciret
1064 3144 1203 3208 ubinam
1218 3142 1306 3211 ferret

215 3243 328 3308 cubile
350 3243 437 3330 ejus,
459 3244 692 3309 admirabatur
707 3244 797 3309 enim
815 3242 1033 3310 vehementer
1049 3242 1158 3308 leonis
1174 3250 1306 3307 tantam

215 3344 524 3422 mansuetudinem,
548 3350 583 3408 et
596 3350 717 3427 postea
736 3343 838 3409 rediit
859 3351 898 3409 ut
917 3343 1110 3426 pranderet.
1159 3342 1205 3408 Et
1227 3362 1305 3409 enm

215 3442 329 3506 cibum
351 3451 513 3521 sumeret,
535 3462 613 3508 ecce
640 3462 781 3526 serpens
805 3443 969 3508 liberatus
991 3442 1114 3522 adfuit,
1136 3461 1304 3525 gemmam

215 3542 403 3625 pwuomm
432 3542 468 3611 in
496 3542 741 3618 modoserens,
767 3544 995 3626 apposuitqne
1017 3541 1127 3618 eidem
1153 3541 1305 3627 Sylvano

216 3648 382 3724 tanquam
406 3641 579 3707 liberatori
600 3661 682 3721 suo;
705 3649 740 3706 ot
755 3642 850 3709 illam
873 3643 909 3706 in
929 3642 1025 3707 disco
1050 3660 1114 3708 suo
1139 3641 1304 3724 reposuit,

215 3758 360 3823 seseque
380 3742 481 3824 spiris
499 3741 702 3807 volubilibus
726 3749 806 3806 ante
820 3741 932 3824 ipsum
954 3742 1114 3807 volutans
1133 3749 1168 3805 et
1183 3740 1305 3804 ludens

214 3839 401 3922 applausit,
422 3842 521 3922 quasi
543 3848 659 3923 grates
682 3840 830 3906 referens
849 3842 880 3905 ei
899 3861 961 3924 pro
981 3842 1134 3925 impenso
1158 3839 1223 3903 sibi
1246 3838 1303 3901 be-

213 3937 349 4018 neficio,
369 3946 404 4004 et
425 3939 551 4004 blando
575 3941 699 4004 emisso
725 3940 825 4005 sibilo
846 3940 976 4009 nullum
999 3940 1127 4014 laedens
1150 3937 1301 4002 recessit.

213 4035 327 4116 Quem
358 4037 514 4104 similiter
545 4040 750 4122 sequebatur
778 4039 952 4123 Sylranus
983 4058 1046 4121 pro
1079 4036 1303 4102 admiratione

213 4144 256 4200 ut
282 4136 325 4201 de
354 4157 502 4203 caverna
528 4137 603 4223 ejus
628 4137 884 4203 certificaretur.
936 4137 1072 4221 Elapsis
1091 4136 1197 4218 igitur
1217 4134 1303 4198 duo·

211 4237 277 4300 bus
303 4235 357 4301 vel
383 4238 492 4302 tribus
519 4237 651 4317 diebus,
680 4238 853 4322 sylvanus
878 4238 1033 4303 deferens
1062 4254 1177 4301 senum
1205 4253 1301 4316 gem-

210 4354 303 4399 mam
326 4355 424 4401 snam
450 4337 646 4419 pretiosam,
670 4356 773 4421 quam
795 4337 954 4402 videlicet
970 4353 1109 4419 serpens
1129 4353 1213 4398 suus
1236 4334 1301 4399 sibi

211 4435 390 4515 attulerat,
416 4436 599 4502 Venetiam
625 4437 722 4516 adiit,
742 4446 782 4502 ut
804 4456 826 4501 a
852 4437 963 4503 Vitali
985 4435 1152 4520 promissa
1175 4433 1301 4516 recipe·

211 4542 276 4600 ret.
329 4535 375 4600 Et
398 4536 529 4603 invenit
550 4555 627 4602 eum
653 4556 728 4601 cum
754 4538 953 4607 concivibus
975 4535 1097 4605 vicinis
1121 4534 1205 4611 suis,
1229 4553 1300 4618 prae

1145 4642 1162 4678 u
1179 4632 1196 4679 t
