3334 5734
574 766 772 817 promenus
795 765 930 814 vauls.
1240 749 1305 816 127

207 892 264 930 ΡΔΟ.
300 891 352 930 m,

205 951 260 1030 87,
301 956 355 1032 19,
369 951 456 1018 illico
602 952 695 1018 addit
709 951 834 1031 Paris,
854 960 935 1037 post
948 949 1075 1016 trinam
1095 951 1301 1017 admonitio·

626 1072 717 1130 nem,
744 1071 849 1136 qnam
871 1052 943 1117 dux
975 1050 1140 1117 exaudire
1165 1071 1302 1118 reeusa-

629 1154 691 1217 vit

206 1314 258 1330 -
303 1275 355 1352 26,
363 1272 472 1358 saciat
604 1276 745 1341 laceret.

207 1401 265 1476 88,
325 1401 359 1477 2,
372 1398 435 1463 His
449 1399 545 1466 maai
607 1399 979 1483 Thisohapteristhus
992 1397 1073 1462 read
1085 1398 1121 1462 in
1129 1397 1302 1464 Oaaudll.

373 1496 428 1563 das
631 1498 724 1563 ‘His
748 1500 856 1582 igitur
878 1499 1035 1564 omnibus
1058 1497 1137 1563 duci
1161 1499 1206 1563 ab
1231 1497 1304 1580 epi·

632 1618 737 1682 scopo
768 1598 961 1664 Veronensi
991 1598 1056 1662 rite
1083 1597 1304 1675 denuntiatis,

632 1699 705 1763 dux
729 1698 845 1764 omnia
869 1697 1010 1781 spernit.
1060 1695 1231 1762 Percussa
1251 1704 1306 1762 est

632 1798 740 1881 igitur
747 1806 841 1864 terra
854 1797 929 1882 ejus
942 1796 1124 1862 sterilitate
1137 1796 1304 1875 inaudita,

633 1897 736 1976 fame,
753 1905 788 1963 et
803 1904 900 1981 peste
922 1896 1084 1980 generali.
1124 1895 1305 1961 Danubius

633 1997 773 2080 iusuper
810 1996 936 2061 fluvius
972 1996 1154 2080 plusquam
1189 1995 1306 2061 decem

634 2096 741 2162 millia
766 2095 940 2161 bominum
970 2095 1146 2160 absorbuit
1171 2095 1306 2161 deriva-

635 2202 701 2260 tus.
754 2195 902 2278 Insuper
923 2194 978 2259 die
1003 2194 1114 2260 sancti
1140 2195 1306 2278 Stephani

635 2295 716 2360 dum
738 2296 927 2378 spatiatum
944 2294 1127 2378 equitando
1142 2295 1213 2359 dux
1227 2314 1306 2360 cnm

635 2394 707 2459 suis
729 2395 832 2460 sociis
854 2401 1024 2478 pergeret,
1040 2413 1150 2479 equus
1164 2394 1240 2480 ejus
1254 2394 1306 2460 ol·

635 2494 752 2559 tensus
776 2494 895 2559 tibiam
918 2494 1027 2578 ipsius
1046 2513 1123 2559 cum
1149 2494 1235 2578 pede
1262 2494 1307 2559 ad

635 2595 790 2659 arborem
803 2594 973 2659 violenter
985 2594 1156 2659 contrivit.
1205 2591 1308 2660 'libia

636 2693 742 2775 igitur
757 2713 837 2759 cum
852 2693 939 2777 pede
954 2692 1130 2775 nigredine
1146 2694 1256 2758 tincta
1271 2702 1307 2759 et

636 2793 754 2859 dolore
802 2791 1009 2857 horribiliter
1052 2800 1308 2858 coutumesoeus

636 2893 718 2974 igne
754 2892 946 2975 percutitur
982 2891 1150 2956 infernali.
1201 2891 1309 2977 Cujus

637 2991 827 3056 cruciatum
844 2991 915 3055 dux
934 3010 1002 3056 non
1018 2990 1137 3055 valens
1153 2990 1308 3070 tolerare,

638 3090 759 3173 pedem
782 3109 805 3154 a
830 3109 941 3166 crure,
962 3092 1039 3174 ipso
1056 3090 1193 3155 interim
1214 3091 1310 3156 dola·

637 3191 734 3254 brum
763 3198 911 3268 tenente,
934 3190 1016 3255 fecit
1036 3189 1222 3273 amputari3
1248 3191 1309 3256 sed

639 3308 703 3354 nec
732 3289 783 3354 sic
817 3289 944 3354 doloris
970 3289 1168 3354 incurabilis
1198 3291 1310 3356 evasit

639 3388 899 3467 vehementiam,
912 3388 1022 3455 femur
1038 3389 1221 3454 enimcum
1237 3409 1312 3455 eor·

640 3509 723 3574 pore
743 3489 823 3571 igne
844 3496 1032 3554 memorato
1052 3489 1309 3574 depascebatur.

640 3588 794 3653 Tandem
806 3608 889 3655 vero
903 3587 1039 3672 eulpam
1052 3608 1312 3673 recognoscens,

640 3688 863 3752 suadentibus
886 3688 1055 3772 episeopis
1076 3689 1136 3773 qui
1156 3690 1312 3768 oderant,

641 3787 701 3871 qni
725 3787 799 3852 haee
819 3788 855 3851 in
879 3787 1043 3852 ultionem
1069 3789 1174 3853 missa
1196 3807 1219 3853 a
1236 3788 1312 3854 Deo

641 3886 933 3970 protestabantur,
966 3886 1102 3952 obsides
1129 3888 1311 3953 absolvun-

644 3993 712 4064 tur,
737 3994 773 4050 et
799 3985 971 4050 residuum
994 3986 1148 4069 pecuniae
1170 4006 1208 4051 se
1231 4006 1312 4070 spo-

642 4084 782 4168 spondit
793 4083 1015 4163 redditurum,
1030 4092 1069 4150 ut
1085 4085 1218 4151 absolvi
1232 4093 1312 4152 ante

631 4192 789 4250 mortem
811 4191 1009 4251 mereretur.
1061 4185 1169 4270 Cujus
1188 4204 1313 4270 corpus

644 4284 704 4348 diu
717 4283 829 4368 iacuit
844 4284 1058 4350 inhumatum
1074 4285 1182 4350 donec
1201 4286 1314 4350 detes·

644 4383 796 4450 tabiliter
810 4385 982 4450 vermibus
995 4391 1154 4465 scateret,
1166 4405 1208 4451 eo
1223 4386 1315 4470 quod

645 4483 736 4548 tilius
754 4483 830 4568 ejus
848 4484 1012 4549 mandata
1029 4486 1138 4568 patris
1160 4486 1315 4552 morituri

646 4583 771 4667 exequi
785 4583 1057 4667 dedignabatur)
