3334 5734
363 658 428 726 112
730 668 929 719 nnorlorsns
951 668 1083 718 vunnu.

415 859 461 924 tie
475 856 598 932 levem,
612 851 698 918 nulli
713 851 847 936 spiculo
860 852 1114 935 penetrabilem.
1151 851 1387 918 Veruntamen
1397 872 1453 918 rex

418 954 612 1023 Richardns
626 971 724 1017 snam
746 953 782 1016 in
805 950 870 1016 hoc
890 970 1061 1016 excusans
1082 952 1264 1016 avaritiam
1281 953 1353 1016 suis
1374 952 1455 1017 dixit

418 1055 623 1130 domesticis,
642 1052 772 1117 ‘Sinite
794 1053 919 1135 ipsum,
942 1069 1020 1134 qnae
1040 1070 1105 1116 sna
1127 1059 1222 1128 sunt,
1238 1051 1456 1135 prodigaliter

420 1173 618 1222 consumere
630 1152 652 1233 ;’
677 1152 726 1216 00.

371 1299 429 1337 rto.
467 1296 521 1334 ΠΙ.

372 1364 426 1438 35,
487 1359 517 1435 3,
535 1353 707 1421 Verbum
768 1353 860 1418 addit
877 1352 1002 1431 Paris,
1018 1352 1167 1419 Eliensis
1181 1353 1375 1438 episeopus.

371 1528 423 1541 ..
466 1485 520 1561 12,
535 1500 641 1566 sopore
770 1496 923 1561 sperare.

375 1610 429 1687 36,
469 1600 644 1685 limiti
770 1602 862 1667 addit
879 1602 1004 1681 Paris,
1022 1600 1055 1668 A
1072 1621 1165 1686 papa
1180 1600 1320 1685 Angliae
1341 1601 1459 1685 legati·

793 1722 893 1768 onom
908 1703 1065 1786 adeptus,
1079 1701 1227 1767 Londini
1244 1701 1337 1786 apud
1351 1701 1461 1767 West·

794 1801 1038 1867 monasterium
1063 1801 1244 1867 concilium
1267 1801 1460 1866 celebravit

651 1963 653 1969 .
796 1901 892 1967 Obiit
920 1901 979 1967 W.
996 1901 1247 1983 wigorniensis
1272 1901 1463 1984 episeopus,

795 2009 832 2067 et
842 2001 898 2067 W.
910 2000 1333 2079 abbasWestrnonasterii,
1346 2001 1462 2084 quinto

796 2099 963 2166 kalendas
980 2098 1124 2184 Aprilis.

379 2275 431 2290 ..
473 2233 525 2308 22,
540 2228 576 2293 io
591 2225 673 2292 ormi
776 2225 1012 2290 strenuissimi.

545 2326 657 2392 milites

380 2497 432 2510 ..
475 2448 526 2528 27,
545 2445 730 2532 Ronolplm
779 2447 985 2533 Radulphus
1008 2446 1050 2513 do
1064 2446 1226 2533 Altaripa
1242 2446 1353 2513 etalii
1372 2446 1469 2513 innu-

530 2544 730 2613 deGhtuoillo
800 2549 990 2613 morabiles.

590 2647 704 2711 enitare

382 2819 434 2833 ..
477 2776 528 2850 28,
549 2770 611 2835 olii
636 2769 732 2833 tuno.
782 2770 826 2836 In
850 2770 909 2836 the
931 2768 1025 2836 Cecil
1046 2769 1135 2849 MS,
1160 2770 1241 2836 ‘alii
1264 2769 1364 2836 multi
1390 2771 1470 2836 mihi

545 2866 703 2935 bombice
803 2871 913 2954 ignoti
926 2869 1214 2936 innumerabiles!

385 3002 438 3079 88,
475 3000 529 3072 30,
543 2995 699 3060 vicecomes
782 2995 942 3061 vicarius.

387 3126 440 3200 39,
498 3124 530 3200 8,
547 3116 725 3205 eopnoebtot
783 3119 885 3186 After
909 3118 1172 3201 ‘cognovisset'
1197 3117 1256 3183 the
1282 3117 1379 3184 cecil
1407 3119 1473 3184 and

807 3216 923 3302 Royal
934 3216 1035 3282 MSS.
1049 3218 1167 3296 insert,
1177 3223 1188 3253 ‘
1199 3218 1311 3301 ipsum
1320 3218 1475 3304 jam,qni

806 3320 843 3383 in
865 3318 1021 3402 prioratu
1037 3318 1148 3384 sancti
1164 3317 1309 3382 Martini
1325 3317 1478 3401 hospita·

806 3420 920 3495 batur,
942 3415 1075 3481 obsedit
1092 3424 1128 3482 et
1140 3417 1229 3482 famo
1244 3417 1476 3483 immiserioor·

807 3517 897 3583 diter
912 3516 1094 3594 coartavit,
1111 3523 1151 3581 ut
1167 3517 1283 3581 rivere
1297 3524 1477 3599 ungeretur

807 3618 844 3682 in
868 3616 1011 3700 penuria
1034 3615 1078 3680 de
1108 3615 1228 3680 alieno.
1280 3614 1479 3702 Injunctum

809 3724 863 3783 est
893 3717 997 3782 etiam
1027 3715 1059 3779 oi
1092 3714 1242 3792 tandem,
1271 3723 1312 3780 ut
1338 3716 1479 3800 praecise

810 3817 922 3882 exiret
938 3815 981 3880 de
1000 3833 1108 3897 regno
1130 3814 1332 3879 festinanter
1354 3835 1398 3880 ne
1421 3834 1481 3898 pe·

806 3917 867 4001 jus
883 3914 916 3979 ei
929 3914 1151 3996 contingeret.
1197 3914 1482 3979 Excommunioa·

811 4016 863 4080 vit
874 4014 980 4097 igitur
988 4011 1262 4097 archiepiscopus
1272 4033 1390 4080 onmes
1404 4014 1483 4079 illos

810 4114 1030 4199 injuriatores
1053 4112 1233 4197 quiajam
1261 4132 1384 4178 manus
1410 4114 1485 4178 vio-

812 4213 925 4279 lentas
944 4214 980 4278 in
994 4213 1106 4296 ipsum
1121 4212 1325 4296 injecerunt,
1338 4213 1484 4297 turpiter
1551 4292 1555 4296 Α

812 4319 1073 4380 contrectantes.
1139 4312 1186 4377 Et
1224 4313 1363 4378 tandem
1404 4332 1487 4395 cap·

812 4414 895 4478 tus!
