3334 5734
586 765 783 816 uncilenus
805 766 937 817 vania
1233 752 1299 817 ale

226 891 284 927 HG.
311 890 361 928 HN·

216 953 294 1029 326,
332 950 361 1031 7,
378 949 485 1017 chios·
611 949 737 1027 clerici,
751 950 883 1015 scilicet
896 951 1051 1016 dominus
1071 951 1236 1018 Nicolaua
1254 951 1299 1019 da'

632 1048 738 1126 leon,
749 1048 948 1115 etdominua
960 1050 1170 1132 Reginaldua
1185 1051 1296 1117 Phisi-

579 1197 584 1206 .
633 1166 705 1224 cus,
722 1149 936 1230 etmugiater
949 1148 1126 1214 Gelfridus
1146 1150 1188 1215 de
1205 1151 1296 1216 Lan·

632 1247 720 1329 galia
736 1245 889 1311 clericus.

214 1407 267 1424 -
311 1370 564 1456 intumum
611 1371 756 1454 Insuper
780 1371 969 1455 approbata
997 1379 1050 1436 est
1075 1372 1185 1437 forme
1210 1374 1296 1440 elec·

382 1490 470 1534 mum
489 1519 518 1535 ..
534 1517 563 1535 ..
631 1469 734 1535 tionis
759 1479 795 1536 et
812 1490 1011 1554 progressus
1028 1471 1167 1553 negotii,
1188 1473 1295 1539 admi·

380 1566 557 1634 domdictio-
630 1570 783 1635 rantibus
824 1571 956 1634 cunctis
993 1570 1083 1653 quod
1120 1570 1209 1636 inter
1243 1580 1296 1637 tot

379 1688 447 1731 m
462 1667 556 1733 oddu-
630 1668 745 1751 capita
768 1688 838 1732 una
860 1668 926 1733 fuit
950 1669 1119 1734 sententia
1148 1678 1183 1735 et
1209 1690 1294 1736 una·

380 1766 421 1831 tie
436 1768 564 1853 wop&
632 1767 731 1831 nimia
762 1786 969 1847 consensus3
1000 1766 1090 1832 uude
1122 1786 1144 1832 a
1176 1769 1292 1836 multia

631 1866 759 1930 dictum
790 1865 856 1931 fuit
882 1866 918 1930 in
944 1867 1039 1930 curia
1064 1866 1232 1946 Romana,
1257 1875 1293 1934 et

630 1965 768 2047 abipso
792 1984 894 2048 papa,
915 1965 1006 2047 quod
1028 1985 1096 2030 non
1114 1965 1188 2030 eine
1207 1973 1291 2031 nutu

631 2062 778 2147 Spiritus
799 2063 915 2128 Sancti
937 2062 1029 2128 istud
1050 2063 1162 2128 fuerat
1177 2083 1292 2147 proae-

630 2169 758 2239 cutnm,
775 2161 1028 2227 ‘Multitudinis
1048 2163 1136 2227 enim
1154 2163 1293 2228 creden·

630 2261 714 2325 tium
736 2260 800 2325 fuit
814 2280 874 2325 cor
894 2280 998 2325 unum
1017 2269 1052 2326 et
1066 2261 1180 2326 anime
1200 2259 1292 2327 una!

631 2359 689 2438 Et,
703 2367 743 2425 ut
754 2360 930 2425 audientes
941 2379 1009 2424 uon
1023 2359 1141 2436 lateat,
1153 2357 1226 2425 haec
1240 2367 1294 2426 eat

630 2457 840 2524 consuetudo
856 2456 1002 2541 eligendi
1017 2459 1174 2523 abbatem
1188 2459 1224 2522 in
1239 2477 1292 2523 ec·

630 2556 736 2622 cleeia
762 2556 873 2621 sancti
896 2555 1045 2636 Albani3
1075 2556 1294 2623 confessores

630 2654 760 2719 scilicet
786 2662 857 2717 tres
885 2653 940 2719 vel
962 2662 1108 2737 quatuor
1139 2655 1294 2720 'ubentur

629 2752 781 2818 districte
800 2752 836 2815 in
851 2752 976 2816 virtute
997 2752 1102 2836 Spirit
1185 2755 1289 2830 ancti,

629 2858 749 2935 utpote
780 2850 840 2933 qui
876 2858 1086 2933 cognoscunt
1117 2852 1221 2917 corda
1255 2858 1292 2918 et

376 2993 380 3004 ·
487 2991 501 3008 ·.
585 2995 592 3006 .
629 2969 727 3015 renea
757 2949 977 3033 cingulorum,
1002 2956 1041 3015 ut
1069 2950 1135 3033 ipsi
1163 2950 1291 3033 eligant

525 3093 529 3106 .
629 3048 864 3141 duodecique
886 3057 1053 3114 conventu
1067 3047 1189 3113 stades
1202 3050 1291 3114 elec·

521 3185 536 3206 ,.
629 3155 695 3224 toa,
710 3147 841 3212 scilicet
854 3145 968 3211 fideles
981 3153 1016 3212 et
1026 3146 1165 3231 peritos,
1178 3155 1216 3212 ut
1226 3148 1292 3231 ipsi

494 3295 502 3306 ,
562 3295 566 3304 .
629 3246 685 3312 vel
700 3246 742 3310 de
758 3246 891 3330 seipsis,
904 3245 956 3310 vel
972 3244 1014 3310 de
1030 3247 1105 3329 ipso
1120 3255 1290 3313 conventu

485 3391 489 3402 .
629 3345 792 3422 eccleaiae,
816 3343 872 3410 vel
896 3345 937 3409 de
961 3344 1066 3424 cellia,
1090 3364 1194 3410 unum
1218 3346 1292 3411 ido-

566 3487 574 3501 .
592 3489 599 3502 .
629 3463 731 3509 neum
749 3444 879 3526 eligant
893 3442 929 3506 in
945 3444 1112 3508 abbatem.
1163 3444 1213 3510 Ut
1229 3463 1290 3510 au·

629 3552 699 3609 tem
720 3562 837 3614 eorum
857 3542 976 3607 electio
995 3549 1030 3607 et
1045 3542 1142 3609 labor
1162 3543 1289 3609 delibe-

629 3641 761 3708 rativua
788 3660 892 3725 anper
917 3639 982 3707 hoc
1012 3642 1149 3724 negotio
1173 3642 1290 3708 irritus

628 3761 697 3807 non
732 3740 909 3818 habeatur,
941 3740 1057 3805 literae
1093 3741 1219 3807 habent
1246 3742 1289 3809 de

628 3847 798 3907 conventu
812 3859 916 3923 penes
929 3858 966 3903 ae
978 3839 1091 3923 sigillo
1103 3848 1290 3916 conventus

629 3940 818 4017 roboratus,
834 3947 875 4004 ut
888 3939 962 4022 ipae
980 3945 1167 4004 conventus
1182 3940 1291 4021 illum,

628 4058 729 4123 quem
747 4038 814 4122 ipsi
837 4036 1011 4104 duodecim
1029 4039 1140 4122 eligeu
1173 4040 1181 4056 ‘
1228 4042 1291 4106 ab·

627 4138 753 4216 batem,
779 4138 852 4202 aine
878 4137 1123 4204 contradiction
1218 4141 1293 4206 aui-

628 4236 1161 4321 mitereuacipientetgratanter.
1190 4239 1291 4307 Unde

627 4336 732 4401 series
747 4337 876 4418 negotii
895 4335 944 4400 sic
964 4346 1143 4420 prosecuta
1163 4357 1294 4407 aeum-

627 4455 684 4500 mo
697 4435 856 4519 pontifice
868 4444 903 4502 et
912 4437 1067 4503 omnibus
1080 4438 1294 4522 autbntibua

628 4554 706 4600 cum
731 4534 953 4603 admiratione
976 4546 1030 4604 eat
1048 4539 1294 4621 commendata,
