3334 5734
384 711 449 777 128
754 731 951 780 nnoniouns
974 732 1107 783 verim.

385 851 442 889 Ple.
523 876 530 890 .

383 915 437 991 89,
480 853 536 990 ΗΒ,
550 913 610 979 sili
783 916 926 983 seilicet.

381 1074 433 1087 —
476 1042 527 1117 14,
545 1041 640 1106 Circa
666 1042 731 1109 dies
781 1040 1469 1109 InOo.andB.thus:‘Circadiesillosrex

545 1141 617 1205 istos
801 1140 844 1206 de
861 1139 1025 1207 Marroch
1040 1161 1116 1206 cum
1133 1143 1261 1224 regulis
1279 1144 1423 1226 triginta
1438 1153 1469 1209 et

799 1239 1039 1306 innumerabili
1047 1260 1260 1324 paganorum
1268 1244 1469 1322 exercituin

799 1359 868 1424 qno
879 1360 942 1406 sex
953 1341 1064 1406 decies
1074 1348 1211 1409 centum
1226 1343 1336 1407 millia
1347 1363 1467 1427 pagan·

799 1459 896 1505 orum
913 1439 1019 1505 fuisse
1043 1441 1275 1524 perhibentur,
1293 1462 1339 1507 ex
1357 1443 1469 1507 Africa

798 1559 1024 1622 prorumpens
1034 1541 1069 1604 in
1076 1540 1283 1624 Hispaniam
1296 1543 1469 1625 applicuit,

800 1645 924 1703 terram
941 1641 1032 1722 regis
1051 1641 1140 1724 petit
1155 1640 1350 1724 Hispaniae,
1370 1641 1468 1706 alias-

798 1757 866 1822 que
882 1740 1076 1822 provincias
1093 1740 1375 1820 exterminantes,
1396 1747 1469 1805 tan·

797 1837 872 1903 dem
885 1837 1068 1905 audierunt
1079 1839 1171 1921 quod
1187 1842 1368 1922 proposuit
1381 1859 1468 1923 papa

796 1945 986 2004 convocato
995 1938 1139 2004 concilio
1149 1939 1345 2021 generalem
1358 1959 1468 2005 eruce

795 2038 1022 2119 signationem
1045 2046 1243 2104 construere
1261 2047 1385 2104 oontm
1401 2060 1465 2117 eos,

794 2137 851 2201 cui
869 2138 1036 2203 exercitui
1055 2157 1203 2221 praeesse
1223 2139 1389 2204 debuerat
1407 2160 1466 2204 rex

795 2235 987 2318 Anglorum
1003 2236 1197 2303 Richardus
1219 2241 1465 2320 magnanimus,

794 2337 894 2419 eujus
918 2336 1011 2401 sama
1030 2337 1105 2422 jam
1133 2345 1245 2402 totum
1276 2338 1465 2422 repleverat

793 2436 958 2501 orientem
978 2445 1014 2502 et
1030 2437 1134 2502 etiam
1151 2437 1278 2501 multos
1299 2446 1465 2503 terruerat

794 2534 1000 2615 Affricanos,
1022 2536 1147 2621 quibus
1167 2544 1250 2602 nota
1270 2537 1337 2602 luit
1360 2546 1396 2602 et
1413 2539 1464 2602 in·

732 2678 736 2686 -
792 2636 980 2701 carceratio
1007 2645 1042 2702 et
1065 2635 1278 2714 deliberatio,
1310 2644 1346 2701 et
1375 2637 1465 2721 quod

791 2735 895 2801 etiam
909 2756 1024 2819 regem
1042 2735 1252 2801 Francorum
1273 2744 1396 2820 postea
1409 2757 1464 2802 co-

790 2842 909 2917 egerat
933 2837 1084 2905 retroire.
1136 2835 1265 2900 Omnes
1283 2837 1390 2925 igitur
1412 2837 1463 2901 in-

790 2935 919 2999 creduli
935 2934 978 2999 ad
992 2935 1132 3020 propria
1146 2943 1228 2999 sunt
1242 2936 1413 3018 regressi?

371 3095 423 3113 -
463 3093 508 3107 -
528 3059 660 3125 Maroel
767 3057 859 3123 addit
893 3058 1017 3138 Paris,
1054 3060 1324 3142 potentissimus,
1359 3080 1462 3145 quem

790 3158 1008 3224 ‘Mirabilem
1046 3159 1183 3223 mundi'
1225 3160 1365 3243 vulgus,
1406 3162 1460 3227 vel

788 3257 880 3341 quod
900 3259 1021 3323 melius
1037 3256 1285 3323 ‘Admiralium
1305 3259 1460 3325 Murme-

786 3356 860 3435 lin,’
871 3358 906 3422 id
920 3366 973 3423 est
983 3357 1228 3424 ‘Admiralium
1243 3359 1458 3426 bellicosum'

786 3464 822 3520 et
836 3458 1055 3524 victoriosum
1072 3459 1273 3523 nominavit.

367 3615 419 3626 -
463 3578 514 3652 15,
520 3598 716 3664 papauerum
762 3582 879 3648 denam.

476 3698 714 3764 ..prorumpam
1341 3734 1348 3744 .

366 3840 417 3852 —
462 3800 511 3880 17,
523 3803 605 3889 petit
627 3851 685 3868 ...
705 3852 712 3868 .
761 3807 862 3872 dictae
872 3813 992 3889 petens
1004 3805 1186 3889 Hispaniae
1196 3805 1359 3884 vastavit,
1367 3806 1455 3872 alias

523 3901 682 3988 plur-imus
782 3926 918 3990 quoque
935 3906 1130 3990 provincias
1145 3906 1272 3988 plures.

365 4069 416 4085 ....
460 4028 510 4105 19,
529 4035 650 4093 tautam
760 4030 1006 4096 tantummodo.

364 4194 415 4207 -
458 4154 509 4230 23,
525 4151 710 4237 perturbata
758 4152 962 4217 contremuit
973 4150 1186 4216 conturbata.
1216 4149 1324 4215 Istam
1335 4157 1451 4216 autem

525 4262 568 4317 eet
587 4253 668 4318 velo-
780 4252 847 4316 Dei
869 4252 953 4315 iram
982 4270 1148 4333 aquarum
1172 4249 1338 4314 diluvium
1365 4270 1452 4335 prae·

527 4361 639 4418 mour
777 4352 942 4434 signavit,
961 4369 1038 4434 quae
1057 4356 1190 4433 segetes
1208 4349 1378 4416 suffocans
1393 4370 1450 4415 va·
1549 4366 1564 4377 ¹·

776 4451 881 4516 lidum
893 4451 1017 4516 famem
1034 4442 1221 4533 generavit.
