3334 5734
350 777 416 846 322
716 795 911 845 nuorronns
933 795 1062 845 vanis.

401 978 497 1061 legit,
510 978 546 1042 in
563 978 745 1061 presentia
758 978 909 1062 episcopi
933 986 968 1043 et
982 978 1158 1042 audientia
1179 985 1377 1054 conventus,
1399 986 1434 1042 ct

402 1079 508 1143 totius
522 1077 639 1161 populi
654 1085 689 1141 ct
705 1078 797 1154 cleri,
814 1079 879 1143 sub
895 1078 960 1142 bac
976 1078 1108 1158 iorma3
1131 1078 1230 1161 ‘Ego
1247 1078 1270 1142 J
1272 1076 1435 1154 ohannes,

402 1178 508 1242 abbas
524 1176 721 1243 monasterii
735 1178 846 1242 sancti
860 1175 1000 1254 Albani,
1022 1178 1066 1241 ab
1088 1177 1151 1242 hec
1174 1178 1258 1242 bora
1281 1178 1317 1242 in
1333 1185 1436 1241 antea

401 1276 510 1341 fidelis
527 1284 562 1341 ct
578 1277 738 1341 obediens
757 1296 816 1341 ero
832 1284 952 1342 sancto
968 1275 1072 1341 Petro
1089 1286 1285 1362 sanctaque
1299 1285 1438 1360 aposto-

399 1375 475 1440 licm
500 1375 667 1441 Romanae
682 1375 846 1453 ecclcsiae,
860 1383 895 1440 et
910 1375 1046 1442 domiuo
1062 1395 1137 1441 meo
1152 1396 1251 1461 papae
1266 1374 1436 1459 Gregorio

401 1474 543 1559 ejusque
562 1476 814 1540 successoribus
834 1477 997 1540 canonice
1010 1476 1229 1541 intrantibus.
1281 1475 1364 1540 Nou
1377 1494 1436 1539 cro

399 1575 435 1638 iu
449 1574 593 1640 consilio
610 1581 671 1639 aut
687 1593 855 1640 consensu
873 1575 927 1641 vol
942 1576 979 1640 in
995 1575 1086 1641 facto
1108 1583 1147 1640 ut
1161 1576 1267 1641 vitam
1292 1575 1436 1659 perdant

401 1682 462 1739 aut
490 1675 688 1752 membrum,
716 1682 777 1739 aut
802 1676 983 1758 capiantur
1011 1675 1101 1740 mala
1125 1675 1295 1760 captione.
1347 1674 1435 1739 Gon·

400 1773 514 1838 silium
536 1793 629 1852 vero,
652 1774 742 1858 quod
766 1774 849 1838 mihi
870 1774 1032 1839 credituri
1053 1784 1133 1839 sunt
1150 1794 1211 1858 per
1235 1794 1273 1839 se
1299 1781 1360 1838 ant
1375 1792 1437 1856 per

400 1872 537 1939 nuntios
558 1892 639 1938 snos
655 1875 728 1939 sive
746 1893 808 1957 per
823 1874 954 1951 literas,
977 1873 1020 1938 ad
1044 1893 1161 1940 corum
1185 1872 1358 1950 damnum,
1382 1891 1435 1936 me

401 1972 541 2051 sciente,
557 1973 683 2037 nemini
704 1974 862 2056 pandam.
915 1973 1086 2055 Papatum
1109 1973 1302 2039 Romamm
1325 1980 1360 2037 ct
1384 1992 1436 2035 re·

401 2072 496 2155 galia
511 2073 623 2138 sancti
635 2071 730 2137 Petri
746 2073 885 2158 adjutor
898 2073 948 2137 cis
965 2092 1024 2137 ero
1040 2073 1084 2138 ad
1100 2073 1312 2138 retincndum
1326 2079 1362 2136 ct
1378 2070 1436 2135 de-

398 2171 615 2250 fendendum,
627 2172 725 2237 salvo
737 2172 854 2237 ordinc
870 2178 957 2250 m'eo,
973 2180 1093 2239 contra
1105 2192 1238 2238 omnem
1252 2172 1431 2236 hominem.

399 2270 569 2354 Legatum
586 2272 784 2355 apostolice
800 2272 891 2337 sedis
907 2273 942 2336 iu
962 2273 1074 2337 eundo
1091 2280 1126 2337 ct
1140 2272 1314 2337 redeundo
1329 2271 1434 2336 hono-

398 2369 492 2434 rifice
524 2372 692 2448 tractabo,
721 2379 757 2435 et
785 2371 822 2435 in
854 2371 925 2434 suis
958 2372 1217 2437 necessitatibus
1250 2370 1432 2456 adjuvabo.

397 2466 554 2533 Vocatus
570 2468 614 2533 ad
639 2468 817 2552 synodum,
840 2470 987 2548 veniam,
1014 2472 1080 2535 nisi
1106 2470 1311 2554 prepeditus
1336 2469 1432 2532 suero

397 2567 562 2633 canonica
577 2568 832 2651 praepeditione.
883 2567 1128 2651 Apostolorum
1150 2569 1266 2634 limina
1286 2567 1431 2648 siugulis

397 2666 551 2732 trienniis
568 2668 727 2744 visitabo,
743 2674 804 2731 aut
819 2687 882 2751 per
898 2686 952 2732 mc
969 2675 1031 2733 aut
1051 2687 1113 2751 per
1136 2669 1290 2732 nuntium
1303 2685 1429 2741 meum,

399 2766 465 2830 nisi
481 2766 640 2832 absolvat
651 2766 842 2850 apostolice
856 2767 1006 2833 licentia.
1039 2767 1279 2832 Possessioncs
1291 2785 1371 2831 vero
1388 2763 1431 2829 ad

396 2866 639 2931 monesterium
668 2885 780 2930 meum
812 2873 1010 2949 spectantes
1040 2886 1108 2930 uon
1137 2867 1294 2943 vendam,
1322 2883 1431 2947 neque

396 2965 544 3043 donabo,
565 2985 676 3049 neque
698 2965 935 3048 inpignorabo,
952 2986 1060 3049 noque
1075 2966 1118 3030 de
1134 2985 1223 3030 novo
1240 2964 1432 3041 infeudabo,

398 3064 453 3128 vel
468 3064 585 3149 aliquo
600 3065 701 3129 modo
728 3064 897 3143 alienabo,
922 3066 1115 3130 inconsulto
1139 3065 1298 3130 Romano
1323 3063 1433 3147 ponti·

396 3163 469 3227 tice.
520 3163 577 3228 Sic
592 3184 645 3228 mc
662 3165 759 3229 Deus
772 3163 925 3248 adjuvet,
942 3165 1065 3230 ethaeo
1080 3171 1201 3229 sancta
1217 3162 1419 3247 evangelia?

357 3302 415 3340 PAO.
437 3302 489 3341 uit.

346 3366 420 3442 332,
441 3366 493 3440 10,
510 3365 680 3452 raptarit
741 3364 923 3449 hospitalis
937 3366 1212 3431 Teutonicorum.

345 3490 421 3565 333,
439 3489 491 3565 23,
506 3491 608 3576 reples
741 3490 854 3574 regias
869 3490 924 3554 vel
941 3491 1143 3575 imperiales.

345 3653 396 3664 -
439 3614 491 3691 25,
506 3634 586 3678 curo
741 3634 825 3682 auro
842 3616 956 3682 obrizo
970 3617 1079 3700 primo
1096 3624 1140 3681 ct.

345 3768 396 3781 -
439 3730 490 3807 31,
505 3728 641 3795 <immor
741 3741 777 3805 iu
803 3740 938 3805 scriniis
964 3747 1000 3805 et
1017 3739 1165 3824 phaleris
1189 3747 1225 3805 ct
1253 3739 1330 3804 aliis
1359 3758 1431 3804 mu·

507 3830 690 3895 malit-n
761 3839 924 3904 liebribus
965 3840 1185 3916 omameutis,
1224 3857 1356 3903 necnon
1395 3839 1431 3902 iu

508 3949 545 3993 co
568 3939 691 4017 carpento
762 3939 903 4023 copioso
934 3938 1094 4004 thesauro
1116 3939 1191 4002 auri
1224 3945 1259 4003 et
1287 3937 1433 4021 argenti,

501 4027 595 4112 swero
615 4051 679 4116 pu·
762 4045 797 4102 et
818 4039 926 4120 equis,
950 4046 986 4103 et
1010 4038 1184 4114 comitatu,
1207 4056 1285 4121 qnae
1313 4036 1430 4101 oculos

509 4128 629 4194 sissimo
761 4136 968 4201 intuentium
989 4156 1108 4221 rapere
1141 4137 1253 4202 solent
1283 4138 1319 4201 in
1351 4155 1433 4202 cou-

761 4237 1018 4320 cupiscentiam,
1068 4243 1108 4302 ut
1143 4235 1242 4321 quasi
1281 4235 1430 4319 impteti

762 4334 867 4400 abilia
891 4335 1098 4413 viderentur,
1123 4354 1193 4401 uon
1217 4341 1350 4399 tantum
1374 4353 1432 4399 co·

760 4435 868 4516 piose,
880 4435 939 4500 sed
954 4434 1247 4519 superaffluenter,
1257 4433 1432 4500 ditabatur

760 4533 803 4598 ab
819 4533 948 4618 Angliu
964 4554 1151 4601 recessura.
1202 4533 1300 4600 Vasa
1328 4534 1430 4599 etiam
