3334 5734
385 772 449 843 tal
745 786 944 840 incursans
966 790 1100 840 viarm.

386 981 422 1040 et
454 972 540 1056 regii
572 971 717 1036 ministri
749 978 785 1036 et
813 972 1074 1038 excellentiores
1103 970 1254 1039 civitatis
1282 969 1409 1034 crimen
1435 968 1476 1032 ln

387 1073 605 1139 willelmum.
674 1070 830 1155 Cumque
867 1072 1105 1138 circundarent
1138 1091 1217 1136 eum
1254 1069 1399 1152 regnes,
1433 1076 1478 1132 ut

386 1174 497 1256 ipsum
529 1179 691 1254 caperent
723 1171 858 1250 armati,
888 1179 964 1237 erat
991 1172 1083 1237 enitu
1109 1170 1304 1236 willelmus
1334 1186 1477 1252 genero·

388 1291 447 1337 sus
477 1279 512 1336 et
540 1271 747 1336 clarissimus
779 1271 815 1334 in
844 1271 996 1350 civitate,
1027 1281 1063 1336 et
1092 1290 1235 1355 corpore
1264 1287 1410 1351 maguus
1438 1275 1476 1331 et

389 1371 520 1435 viribus
549 1371 683 1452 integer
711 1376 747 1437 et
771 1378 943 1445 strenuus,
975 1370 1112 1455 elapsus
1142 1378 1197 1434 est
1224 1369 1343 1434 invitis
1373 1365 1475 1432 omui·

389 1458 465 1548 bus,
491 1469 566 1534 sola
592 1469 664 1534 sica
695 1489 733 1535 se
762 1466 972 1552 defendeus3
1005 1479 1040 1535 et
1068 1469 1203 1552 fugiens
1232 1470 1268 1532 iu
1297 1467 1475 1534 ecclesiam

391 1576 521 1635 sancte
534 1566 658 1634 Mariae
674 1564 716 1634 de
733 1564 891 1635 Arcubus
910 1589 998 1649 sese,
1020 1577 1061 1635 ut
1075 1568 1200 1634 ibidem
1223 1569 1267 1633 ab
1283 1567 1477 1632 imminente

388 1677 499 1734 morte
523 1676 559 1733 et
573 1668 730 1751 captione
753 1668 967 1749 liberaretur,
991 1669 1131 1753 recepit,
1155 1668 1335 1752 postulans
1360 1683 1475 1750 pacem

390 1777 426 1834 et
442 1769 687 1851 protectionem
702 1766 843 1833 Domini
860 1776 894 1834 et
908 1770 1020 1834 beate
1034 1768 1158 1834 Mariae
1175 1776 1211 1832 et
1226 1774 1358 1831 sauctae
1375 1764 1474 1829 eccle

389 1869 464 1945 siae,
485 1884 640 1932 asserens
655 1884 693 1932 se
711 1886 779 1932 uon
796 1872 936 1952 propter
951 1868 1044 1934 aliud
1066 1868 1185 1953 iniquo
1199 1866 1331 1952 judicio
1359 1872 1475 1950 poten-

391 1976 465 2033 tum
489 1966 667 2043 restitisse,
684 1968 749 2031 nisi
773 1974 812 2032 nt
830 1988 948 2033 omues
971 1969 1046 2052 pari
1066 1967 1215 2050 pondere
1236 1970 1478 2049 premerentur,

392 2072 428 2133 'et
444 2065 571 2149 singuli
586 2066 691 2151 juxta
706 2086 787 2132 suas
801 2066 982 2133 facultates
999 2068 1264 2133 contribuerant.
1313 2063 1382 2129 Sed
1404 2081 1477 2126 cum

392 2176 461 2231 buu
478 2165 709 2244 exaudiretur,
727 2176 761 2232 et
780 2166 984 2250 praevaleret
1009 2185 1089 2250 pars
1114 2166 1295 2251 majorum,
1317 2163 1479 2248 praecepit

393 2262 678 2349 archiepiscopus,
709 2282 778 2331 uon
805 2267 879 2331 sine
904 2254 1089 2332 multorum
1113 2265 1349 2342 admiratione,
1375 2270 1414 2327 ut
1438 2261 1478 2324 ab

393 2364 538 2429 ‘ecclesia
565 2364 732 2429 violenter
754 2366 992 2432 extraheretur
1014 2366 1181 2451 judicium
1206 2364 1394 2439 subiturus,
1421 2359 1479 2444 qni

393 2462 594 2528 seditionem
612 2452 728 2529 ⁴movit
740 2466 776 2529 iu
795 2465 936 2531 civitate
953 2474 988 2532 et
1005 2473 1139 2531 tautum
1164 2464 1330 2548 populum
1348 2470 1478 2546 pertur-

394 2564 547 2627 baverat.
590 2561 693 2642 Quod
707 2581 784 2628 cum
800 2556 975 2631 Willelmo
989 2565 1217 2643 nuntiaretur,
1232 2582 1271 2628 se
1287 2562 1431 2626 festinus
1446 2560 1479 2623 in

394 2662 516 2726 turrim
533 2660 685 2728 ecclesiae
699 2665 849 2747 recepit3
873 2672 1016 2731 noverat
1026 2666 1115 2729 enim
1127 2663 1202 2749 jam
1216 2663 1307 2746 quod
1324 2661 1479 2745 majona,

394 2762 520 2845 'quibus
537 2762 804 2844 contradixerat,
820 2765 969 2829 animam
983 2765 1058 2849 ejus
1072 2764 1281 2848 quaerebant.
1324 2760 1478 2826 Protervi

396 2868 512 2925 autem
534 2861 714 2941 instantes,
740 2866 921 2946 supposito
944 2865 1035 2947 igne,
1051 2870 1212 2947 magnam
1231 2862 1386 2928 ecclesiae
1404 2879 1478 2944 par·

396 2967 465 3024 tem
482 2958 752 3040 combusserunt,
768 2962 985 3047 sacrilegium
1004 2970 1138 3029 tautum
1159 2982 1229 3027 non
1250 2961 1477 3026 abhorrentes.

398 3058 548 3125 Coactus
567 3068 620 3126 est
640 3062 747 3143 igitur
762 3062 958 3128 willelmus
981 3082 1004 3127 a
1021 3065 1107 3129 turri
1130 3061 1348 3139 descendere,
1373 3060 1480 3125 calore

399 3166 434 3223 et
449 3160 542 3224 lirmu
558 3172 655 3243 paetre
670 3160 868 3228 suffocatus.
901 3162 1033 3247 Captus
1047 3171 1100 3227 est
1115 3162 1223 3245 igitur
1234 3168 1269 3226 et
1284 3161 1328 3226 ab
1343 3159 1481 3226 ecclesia

398 3258 565 3323 violenter
579 3267 768 3340 extractus,
785 3262 1011 3345 exspoliatus,
1028 3264 1074 3339 et,
1088 3262 1214 3327 vinctis
1228 3261 1387 3325 manibus
1409 3267 1481 3343 post

399 3363 533 3438 tergum
557 3360 768 3440 etpedibus,
793 3352 836 3425 ad
863 3362 1004 3426 caudam
1028 3362 1107 3445 equi
1128 3360 1277 3426 trahitur
1299 3360 1344 3425 ad
1367 3360 1481 3424 turrim

402 3454 674 3521 londoniensem
696 3460 970 3525 incarcerandus.
1021 3456 1067 3525 E't
1083 3461 1151 3525 cito
1173 3467 1263 3543 post,
1284 3460 1335 3524 sic
1352 3459 1482 3524 volente

396 3553 656 3639 archiepiscopo
677 3566 712 3622 et
728 3559 772 3623 ad
793 3556 830 3624 id
852 3576 928 3625 eum
945 3556 1199 3626 stimulantibus
1215 3559 1484 3639 eminentioribus

398 3653 535 3718 civibus
559 3664 595 3720 et
620 3657 786 3723 ministris
819 3648 935 3743 regiis,
963 3660 1087 3725 lteram
1120 3660 1252 3743 rapitur
1276 3678 1299 3723 a
1329 3658 1428 3735 turri,
1452 3664 1484 3722 et

402 3750 531 3835 ligatus
554 3754 598 3819 ad
626 3757 771 3822 caudam
797 3759 958 3842 equinam
984 3756 1029 3824 a‘d
1055 3758 1229 3824 Ulmetum
1254 3777 1317 3843 per
1342 3756 1483 3822 medium

404 3848 552 3917 Londini
589 3853 748 3935 trahitur,
786 3860 946 3923 miserum
982 3859 1177 3924 concivibus
1219 3860 1292 3922 snm
1335 3859 1485 3941 praebens

402 3954 648 4037 spectaculum,
670 3963 706 4020 et
733 3956 849 4039 generi
872 3968 947 4037 suo,
970 3958 1062 4041 quod
1087 3957 1290 4042 praeclarum
1317 3957 1436 4022 habuit
1453 3957 1485 4022 iu

403 4053 566 4133 civitata3
604 4061 640 4120 et
672 4062 859 4139 suspensus
889 4066 942 4123 est
973 4066 1036 4142 per
1065 4065 1220 4122 catenam
1254 4058 1291 4122 iu
1323 4056 1484 4141 patibulo.

406 4136 453 4215 Et
474 4153 525 4217 sie
550 4153 744 4219 willelmus
775 4156 887 4221 dictus
915 4156 1088 4222 Barbatus
1114 4157 1171 4223 vel
1197 4157 1324 4236 Barba,
1352 4176 1415 4240 pro
1437 4175 1485 4221 as·

405 4250 554 4317 sentium
577 4254 734 4319 veritatis
753 4263 789 4321 et
811 4276 874 4340 pro
900 4266 1004 4342 causa
1023 4270 1211 4341 pauperum
1231 4256 1372 4335 tuenda,
1393 4256 1486 4321 morti

405 4346 553 4415 traditur
578 4371 600 4416 a
617 4354 815 4420 concivibus
839 4355 911 4420 suis
932 4356 1177 4439 i'guomiuiose3
1200 4356 1290 4421 unde
1311 4374 1389 4420 cum
1416 4376 1487 4421 con·
1543 4367 1545 4372 '

406 4455 477 4513 stet
509 4466 648 4515 cansam
679 4460 862 4545 martyrem
896 4454 1019 4533 iacere,
1050 4456 1139 4520 iuter
1168 4465 1335 4539 martyres
1362 4456 1488 4520 videtur

408 4548 529 4613 merito
560 4549 819 4634 computandus.
871 4554 1036 4639 Suspensi
1068 4562 1183 4620 autern
1224 4564 1305 4621 snut
1341 4573 1419 4619 curu
1452 4575 1488 4620 eo
