3334 5734
348 728 415 797 auo
712 743 912 794 urcrronns
933 743 1066 794 vasis.

349 925 600 1011 compatiendo,
622 944 753 992 necnon
770 925 937 991 unitatem
959 924 1112 991 ecclesie
1127 943 1200 991 suas
1220 925 1432 1004 concordem,

348 1034 384 1093 et
398 1026 582 1093 discretum
597 1024 634 1089 iu
648 1024 714 1090 boc
730 1025 868 1108 negotio
890 1043 1098 1108 processum,
1120 1024 1360 1106 collaudando;
1385 1034 1433 1103 et,

349 1146 393 1192 ne
418 1146 473 1191 res
495 1126 611 1210 aliqua
637 1132 736 1208 parte
751 1125 989 1207 progressione
1004 1124 1172 1207 usquead
1186 1125 1287 1190 tinem
1301 1133 1433 1190 careret

348 1224 523 1302 laudabili,
538 1224 642 1301 dedit,
656 1231 695 1288 ut
711 1231 913 1307 praetactum
936 1230 1001 1300 est,
1015 1223 1051 1287 iu
1066 1223 1236 1288 mandatis
1253 1224 1382 1289 Eliensi
1396 1231 1432 1289 et

349 1324 557 1389 londinensi
570 1323 750 1408 episcopis,
772 1330 812 1387 ut
833 1323 1031 1387 examinata
1045 1342 1193 1406 persona
1216 1323 1316 1388 electi
1331 1324 1431 1389 bene-

346 1423 506 1490 dictionis
521 1421 554 1488 ei
569 1421 768 1488 beneficium
784 1421 1000 1504 largirentur,
1015 1422 1070 1486 vel
1086 1422 1261 1501 alteruter,
1278 1423 1309 1487 si
1329 1423 1430 1489 ambo

346 1522 512 1588 interesse
530 1542 600 1588 nou
614 1522 780 1598 valerent,
800 1521 951 1586 scribens
973 1519 1099 1586 eisdem
1120 1522 1184 1586 sub
1208 1521 1274 1587 huc
1299 1521 1430 1602 forma3

348 1620 558 1705 ‘Gregorius
579 1621 770 1705 episcopus,
791 1639 914 1685 servus
935 1640 1111 1686 servorum
1136 1620 1213 1698 Dei,
1227 1622 1430 1687 venerabili·

346 1723 411 1787 bus
436 1721 597 1786 fratribus
622 1720 751 1789 Elisusi
779 1727 815 1784 et
841 1719 1048 1784 londinensi
1071 1721 1252 1803 episcopis,
1283 1721 1429 1785 salutem

345 1828 383 1887 et
392 1819 614 1903 apostolicam
628 1819 905 1884 benedictionem.
943 1818 1156 1885 Monasterio
1166 1819 1279 1885 sancti
1291 1818 1430 1899 Albani,

348 1919 595 1986 lincolniensis
609 1918 765 1996 diocesis,
779 1918 871 2001 qnod
884 1917 928 1982 ad
942 1917 1133 1983 Rommam
1143 1919 1321 1985 ecclesiam
1335 1919 1429 1985 nullo

346 2019 457 2085 medio
471 2018 629 2103 pertinet,
645 2019 779 2083 abbatis
794 2017 919 2083 solatio
932 2016 1109 2096 destituto,
1122 2017 1238 2083 dilecti
1261 2017 1323 2082 lilii
1337 2019 1430 2102 prior

346 2126 384 2185 et
392 2126 581 2185 conventus
597 2117 704 2202 ipsius
718 2115 927 2195 monasterii,
941 2118 1031 2182 siout
1044 2115 1248 2201 accepimus,
1266 2118 1428 2200 requisito

347 2218 453 2301 prius,
476 2218 567 2284 sicut
579 2217 682 2284 moris
698 2222 762 2296 est,
784 2235 926 2281 assensu
947 2217 1041 2299 regio
1063 2223 1100 2281 et
1123 2218 1277 2294 obtento,
1297 2216 1427 2283 vocatis

346 2318 503 2382 omuibus
528 2316 587 2401 qui
620 2315 819 2392 debuerunt,
844 2315 1038 2393 voluerunt,
1071 2323 1108 2381 et
1131 2323 1317 2400 potueruut
1336 2336 1428 2381 com·

347 2415 447 2481 mode
461 2416 637 2491 interesse,
650 2413 692 2477 de
707 2415 842 2478 abbatis
855 2413 962 2478 futuri
976 2416 1217 2482 substitutione
1229 2422 1427 2494 tractantes,

345 2520 425 2599 post
451 2513 604 2579 diversos
623 2520 792 2577 tractatus
818 2513 1022 2595 quibusdam
1044 2513 1086 2577 de
1115 2514 1258 2597 collegio
1281 2515 1427 2598 eligendi

346 2613 379 2679 ei
393 2614 550 2678 abbatem
563 2618 767 2695 potestatem
782 2610 969 2694 plenariam
984 2612 1189 2678 unanimiter
1202 2614 1424 2680 contuleruut.

348 2712 458 2778 Iidem
474 2732 555 2779 vero
570 2711 745 2789 electores,
764 2711 877 2775 Deum
902 2712 1065 2777 babentes
1085 2731 1157 2796 pras
1178 2713 1297 2791 oculis,
1322 2714 1425 2779 colla·

346 2814 440 2879 tione
471 2830 574 2895 super
606 2810 672 2875 boc
704 2817 740 2875 et
765 2809 1007 2876 deliberatione
1038 2810 1157 2877 habita
1189 2812 1357 2894 diligenti,
1389 2822 1425 2880 et

346 2911 494 2996 Spiritus
511 2910 629 2976 Sancti
651 2909 765 2993 gratia
786 2909 959 2988 invocata,
980 2910 1141 2976 dilectum
1162 2910 1270 2976 filium
1287 2912 1424 2978 struem

346 3011 370 3077 J
372 3011 539 3078 ohannem
560 3009 602 3074 de
618 3008 796 3086 Hertford,
818 3009 970 3094 ejusdem
991 3011 1187 3075 monasterii
1212 3012 1426 3091 monachum,

346 3111 468 3188 virum,
494 3117 533 3174 nt
549 3117 717 3186 asserunt,
739 3108 918 3192 providum
943 3116 978 3175 et
993 3108 1189 3187 discretum,
1210 3129 1251 3176 ac
1272 3110 1308 3175 iu
1329 3112 1426 3195 spiri·

346 3210 496 3275 tualibus
521 3216 557 3273 et
582 3208 824 3292 temporalibus
852 3210 1143 3292 circumspectum,
1169 3217 1205 3274 et
1228 3229 1305 3274 cum
1328 3211 1377 3276 eis
1402 3231 1426 3276 a

345 3329 451 3393 puero
482 3307 699 3374 laudabiliter
727 3309 977 3387 conversatum,
1006 3309 1043 3373 iu
1068 3310 1225 3374 abbatem
1248 3329 1362 3374 eorum
1390 3317 1426 3376 et

344 3415 476 3493 patrem
491 3406 704 3473 concorditer
716 3415 752 3472 et
772 3408 934 3474 canonice
955 3407 1150 3489 elegerunt3
1176 3428 1319 3492 quornm
1340 3410 1425 3475 elec·

346 3508 475 3574 tionem
497 3506 680 3572 solenniter
701 3507 907 3590 publicatum
928 3506 1078 3573 universi
1099 3514 1135 3573 et
1154 3507 1280 3592 singuli
1302 3528 1426 3593 appro-

346 3608 468 3672 bantes
495 3606 594 3671 nobis
619 3624 681 3689 per
704 3607 846 3672 dilectos
873 3607 960 3672 lilios
985 3606 1107 3673 fratres
1137 3607 1366 3691 Regiualdum
1390 3617 1427 3674 et

347 3705 542 3783 Nicolaum,
555 3705 739 3771 monachos
752 3713 789 3771 et
800 3707 937 3772 nuntios
953 3724 1045 3784 suos,
1056 3727 1097 3773 ac
1112 3706 1239 3786 liturus,
1253 3707 1425 3773 humiliter

345 3805 636 3890 supplicaverunt,
662 3812 703 3870 ut
729 3824 808 3870 cum
831 3826 893 3889 per
920 3805 1064 3872 eundem
1092 3805 1285 3873 Jobaunem
1313 3807 1426 3891 gratia

343 3904 411 3988 ipsi
435 3903 640 3971 monasterio
667 3904 703 3968 iu
730 3905 977 3989 spiritualibus,
998 3912 1034 3971 et
1052 3906 1295 3990 temporalibus
1314 3906 1425 3972 incre-

342 4011 470 4082 menta,
499 4010 717 4088 sperarentur
737 4011 877 4070 auctore
906 4005 982 4070 Deo
1011 4013 1229 4089 proventura,
1259 4014 1295 4071 et
1320 4008 1422 4072 rectis

344 4103 622 4188 dispositionibus
648 4103 732 4168 nibil
753 4103 876 4168 debeat
898 4103 1107 4170 difficultatis
1137 4105 1261 4188 afferri,
1285 4103 1423 4171 electio·

343 4223 420 4268 nem
436 4202 630 4287 hujusmodi
649 4202 847 4269 confirmare
863 4203 906 4268 de
931 4204 1141 4287 benignitate
1168 4205 1258 4269 sedis
1287 4212 1425 4288 aposto·

342 4302 419 4367 licae
442 4302 668 4386 dignaremur.
719 4302 816 4369 Licet
838 4303 943 4386 igitur
971 4304 1124 4387 praedicti
1151 4304 1262 4369 nuntii
1278 4304 1423 4370 sollicite

343 4421 447 4486 super
473 4403 537 4468 boc
564 4402 750 4467 institerint
773 4411 809 4468 et
833 4402 1027 4486 prudenter,
1049 4410 1086 4469 et
1111 4425 1185 4482 uos,
1216 4424 1278 4487 pro
1305 4405 1422 4469 eodem

342 4503 548 4568 monasterio
565 4502 709 4568 libenter
731 4502 915 4586 quodcum
938 4503 1014 4567 Deo
1039 4522 1220 4587 possumus
1240 4502 1352 4569 facere
1374 4504 1422 4567 in-
