3334 5734
397 751 463 819 232
768 772 964 823 uncrronns
986 773 1117 824 vernn.

449 953 544 1019 bunt.
596 953 643 1019 Et
656 953 707 1020 sic
727 955 949 1022 manifestata
962 955 1197 1041 episcoporum
1214 973 1257 1021 uc
1273 953 1420 1038 probatu
1431 950 1484 1015 iu·

450 1052 619 1132 nocentia,
646 1054 797 1121 confusis
823 1055 1003 1122 discordias
1027 1054 1302 1133 seminatoribus,
1322 1052 1417 1116 siluit
1440 1050 1487 1115 le·

450 1152 543 1235 gista
577 1154 857 1237 praenominatus,
894 1157 939 1220 eb
968 1156 1196 1233 anathemate,
1228 1162 1268 1219 ut
1295 1152 1488 1225 videbatur,

449 1271 518 1317 non
546 1253 717 1319 immunis.
766 1255 825 1320 Sic
854 1256 961 1338 igitur
985 1255 1288 1322 intervenientibus
1318 1249 1489 1336 episcopis

450 1352 510 1435 qni
523 1351 677 1432 udcmnt,
699 1353 898 1437 pacificatus
921 1362 975 1421 cst
992 1353 1191 1421 Alexander
1211 1351 1404 1419 cestrensis
1418 1349 1491 1432 cpi·

449 1470 587 1536 scupus,
610 1460 645 1518 ct
674 1453 804 1537 quievit
830 1453 971 1538 spiritus
998 1454 1102 1533 illius,
1131 1453 1233 1519 nimis
1258 1458 1339 1518 unte
1362 1448 1489 1517 umeri·

447 1558 559 1618 cutus.
590 1587 593 1594 ·

408 1671 466 1712 mi.
489 1674 543 1715 m.

400 1736 476 1812 296,
494 1739 548 1814 20,
561 1735 699 1803 meallen
793 1738 887 1804 addit
899 1738 1023 1819 Puris„
1038 1746 1073 1804 et
1087 1738 1303 1823 complicium
1316 1753 1467 1801 suorum.

399 1895 450 1908 -
493 1862 548 1941 21,
560 1862 630 1927 odio
639 1860 747 1928 inimi
795 1860 875 1926 odio
889 1861 1016 1928 hubent
1033 1869 1068 1927 et
1081 1866 1315 1928 contemnunt.

400 2023 452 2037 —
494 1986 547 2062 23,
560 1994 746 2072 aymam
794 1988 839 2051 ub
866 2006 981 2052 umore
1012 1988 1124 2069 gentis
1160 1994 1286 2052 vestre
1320 1991 1357 2049 et
1385 1981 1490 2048 corde

562 2091 615 2149 tun
816 2094 944 2152 nostru

398 2243 451 2255 —
493 2210 545 2285 24,
562 2215 597 2273 ut
616 2217 748 2295 apparot
794 2211 886 2295 quod
904 2218 1048 2296 apparet
1063 2212 1100 2277 iu
1113 2210 1331 2276 Murescullu.

561 2309 747 2374 ...Mares-

561 2405 638 2472 caiis·

396 2569 448 2583 -
491 2531 543 2609 26,
558 2539 586 2595 ot
605 2531 666 2596 iao
682 2578 691 2596 .
709 2578 744 2598 ..
792 2546 893 2612 quem
915 2548 977 2612 per
990 2529 1170 2596 mendacin
1189 2529 1448 2596 intersemiustu
1466 2548 1491 2594 a

556 2638 735 2717 peremunt
814 2628 912 2692 vobis
925 2628 1127 2712 elongantes
1141 2636 1389 2715 perverterunt.

397 2793 449 2807 -
491 2756 746 2842 29‚otpoet...ot
792 2750 1091 2838 deiude...pust.

397 2916 448 2930 -
492 2878 543 2954 33,
560 2875 717 2942 turbatum
792 2878 1003 2962 temporibus
1017 2879 1144 2946 nostris
1157 2879 1343 2944 tur-butum.

396 3031 449 3046 -··
492 3000 545 3075 34,
548 3007 745 3085 perornator
792 3001 939 3086 denique
963 3002 1090 3070 suctum
1114 3011 1167 3071 est
1180 3022 1323 3090 regnum
1339 3003 1487 3070 tribute-

634 3098 744 3184 perndi-
813 3103 913 3180 rium,
958 3110 994 3168 et
1032 3104 1191 3189 princeps
1234 3104 1487 3188 provinciarum

562 3196 652 3263 deun
813 3201 906 3268 suctu
931 3208 995 3282 est,
1019 3204 1104 3286 proh
1134 3203 1250 3269 dolor!
1278 3204 1486 3286 ignobilibus

813 3303 879 3366 sub
903 3302 1042 3367 tributo.
1095 3303 1153 3380 Et,
1177 3304 1264 3369 initu
1293 3322 1422 3386 guerra
1450 3310 1486 3369 et

814 3400 873 3466 din
907 3402 1089 3485 protelata,
1117 3409 1272 3469 mortuus
1302 3411 1356 3468 cst
1390 3411 1488 3487 puter

814 3507 930 3566 vester
944 3501 1043 3586 quusi
1070 3503 1229 3581 extorris,
1256 3522 1319 3567 nec
1341 3502 1379 3566 in
1404 3521 1488 3587 pecc

814 3600 914 3684 regni
927 3601 982 3666 vel
995 3601 1121 3681 unimi3
1143 3612 1179 3667 et
1193 3603 1244 3667 sic
1261 3609 1406 3667 mortem
1428 3622 1488 3686 per

815 3719 875 3765 eos
894 3700 1076 3766 admodum
1091 3702 1235 3767 incurrit
1249 3702 1486 3785 periculosam.

817 3798 886 3864 Per
901 3801 990 3865 idem
1009 3801 1188 3866 concilium
1208 3809 1330 3866 contre
1345 3821 1410 3867 ros
1432 3801 1489 3866 dc·

813 3906 948 3966 tentum
969 3900 1035 3967 fuit
1050 3901 1227 3966 castellum
1249 3901 1292 3965 de
1307 3900 1488 3979 Bedesord,

815 3999 876 4063 ubi
899 4000 1044 4066 multum
1065 4001 1263 4066 thesaurum
1278 4007 1314 4065 et
1330 4010 1487 4067 strenuos

815 4096 970 4164 homiues
991 4100 1189 4184 perdidisti3
1212 4101 1257 4165 ob
1278 4119 1384 4183 quum
1407 4119 1485 4166 ceu·
1553 4147 1565 4158 κ

814 4216 889 4262 sum
912 4198 1049 4263 interim
1080 4198 1264 4284 Rupellam
1285 4200 1322 4265 iu
1344 4199 1484 4283 ignomi-

814 4296 906 4362 nium
922 4298 1029 4364 tutius
1045 4300 1144 4383 regni
1158 4299 1209 4366 tui
1224 4300 1393 4366 emisisti!

395 4413 468 4491 296,
507 4416 538 4491 l,
553 4412 613 4479 illu
789 4418 879 4487 deest.

394 4578 445 4591 -
507 4577 535 4592 -
558 4559 741 4628 Ψωφ-
790 4562 882 4609 nunc
910 4545 1090 4613 imminens
1121 4553 1196 4614 totu
1222 4566 1329 4631 regno
1356 4545 1478 4631 pericu·

556 4648 702 4707 nocem
809 4643 896 4710 lose.
