3334 5734
545 799 546 802 ’
599 799 954 850 mourosrsvsarn.
1254 785 1321 854 826

281 979 434 1047 diceutes
448 981 556 1066 ipsius
572 981 799 1047 bumilitatem
816 1001 894 1056 cum
910 981 1162 1066 pulchritudine
1175 984 1320 1051 admira·

282 1080 354 1159 bili,
377 1083 543 1166 optimam
567 1081 791 1149 successionis
815 1089 854 1148 et
877 1082 1089 1166 posteritatis
1115 1083 1320 1152 felicissimae

282 1198 379 1264 spem
401 1191 641 1266 conceperunt
690 1181 883 1265 Hospitata
908 1188 960 1247 est
981 1189 1094 1248 autem
1119 1182 1321 1268 imperatrix

282 1280 320 1344 in
350 1281 457 1347 nobili
479 1282 609 1364 palatio
632 1301 735 1365 opere
759 1282 966 1347 cementario
989 1290 1185 1349 comtmcto
1212 1284 1323 1349 archi-

283 1380 448 1465 episcopi,
473 1382 534 1447 ubi
561 1401 623 1465 per
653 1387 762 1446 totam
795 1387 930 1451 noctem
961 1381 1094 1448 cboreae
1131 1383 1321 1466 puellarum

283 1481 479 1546 canentium
510 1500 588 1546 cum
627 1480 771 1547 diversis
802 1479 1039 1546 instrumentis
1073 1483 1212 1548 musicis
1245 1501 1322 1566 per·

283 1581 493 1664 strepebant,
514 1588 555 1646 ut
573 1581 650 1664 ipsa
671 1580 875 1664 imperatrix
895 1580 971 1663 ipso
991 1581 1117 1663 gaudio
1136 1582 1321 1661 foveretur,

285 1679 437 1761 glorians
470 1681 508 1745 iu
544 1679 656 1744 medio
692 1678 955 1765 juvencularum
993 1682 1321 1765 tympanistriarum.

286 1777 362 1843 Nec
378 1779 488 1846 defuit
502 1780 682 1862 diligentia
696 1780 844 1843 militum
864 1787 1072 1845 armatorum
1089 1799 1193 1865 super
1207 1801 1322 1847 muros

235 1937 237 1944 ,
284 1885 320 1942 et
344 1878 381 1942 in
401 1880 478 1963 ipsa
499 1879 654 1957 civitate,
675 1886 818 1962 propter
838 1878 979 1944 hostiles
1005 1879 1147 1946 insidias
1166 1881 1323 1947 noctibus

285 1979 539 2044 excubantium.

246 2100 302 2138 ΡΔῠ.
325 2101 378 2140 ult.

237 2163 311 2241 336,
326 2163 583 2247 30,filiomsssm
629 2163 738 2228 fllium
761 2183 862 2228 suum
883 2162 1071 2229 Henricum
1097 2183 1213 2248 regem
1239 2164 1323 2231 Alc·

651 2262 811 2328 mauuiee.

236 2426 287 2438 —
329 2384 584 2472 difformitati·
628 2387 896 2454 misericordiam
917 2388 1025 2471 ipsius
1055 2407 1133 2453 cum
1164 2389 1325 2473 lacrymis

402 2486 541 2553 cordiam
652 2495 688 2553 et
702 2487 922 2571 singultibus.

237 2650 287 2661 -
331 2609 458 2686 ildrico
467 2612 584 2677 misssi·
632 2629 701 2674 nou
734 2610 847 2675 adbuc
889 2610 1012 2692 spiritu
1052 2619 1227 2696 conceptae
1263 2613 1324 2679 irae

401 2708 509 2773 cordio
652 2708 801 2772 maxime
817 2707 987 2791 mitigato.

240 2830 313 2906 337,
351 2831 381 2908 2,
397 2827 584 2897 obl...eori·
632 2826 777 2894 Laxatis
799 2836 914 2895 autem
935 2831 1093 2912 vinculis,
1116 2843 1151 2900 et
1174 2834 1257 2901 loris
1280 2838 1324 2903 ob

402 2939 447 2994 rot
461 2929 574 2997 ibidem
653 2927 804 3011 regalem
827 2931 1054 2996 reverentiam
1079 2933 1325 3020 aliquantisper

653 3025 843 3107 dissolutis,
862 3028 987 3095 dicitur
1007 3030 1098 3095 filius
1117 3035 1209 3117 patri
1225 3055 1325 3101 vene-

654 3147 735 3191 num
749 3147 973 3210 procurasse;
997 3149 1100 3214 super
1113 3153 1183 3216 quo
1198 3135 1325 3200 scelere

655 3234 849 3306 accusatus,
865 3225 1010 3294 vinculis
1033 3231 1157 3296 iterum
1180 3232 1325 3299 duriori·

654 3326 719 3390 bus
754 3327 979 3412 mancipatus,
1015 3330 1161 3395 traditur
1189 3332 1324 3398 cuidam

655 3424 734 3490 duci
753 3426 1006 3507 custodiendus,
1027 3431 1087 3513 qui
1108 3449 1186 3495 eum
1206 3433 1325 3499 oderat

655 3524 858 3592 inexorabili
895 3528 986 3606 odio,
1017 3530 1099 3612 quia
1130 3531 1213 3597 totis
1243 3532 1325 3599 nisi·

655 3625 720 3689 bus
733 3643 810 3688 eum
824 3636 1049 3710 proposuerat
1063 3630 1249 3712 praedictus
1262 3653 1325 3700 rex

657 3723 829 3790 Henricus
859 3726 1090 3808 exhaeredare,
1124 3730 1184 3795 sed
1223 3753 1324 3810 nunc,

656 3823 812 3889 revoluta
829 3832 906 3890 rota
919 3825 1078 3906 fortunae,
1094 3830 1242 3897 traditur
1264 3853 1325 3898 rex

655 3923 795 3988 arbitrio
810 3924 906 3989 ducis
921 3926 1194 3997 incarcerandus.
1228 3932 1326 3998 Misit

535 4019 539 4026 ’
654 4022 759 4106 igitur
775 4023 960 4109 imperator
976 4047 1038 4110 pro
1052 4027 1278 4112 imperatrice,
1287 4040 1326 4097 ut

655 4123 698 4188 ad
729 4143 806 4188 eum
830 4126 922 4210 apud
951 4126 1176 4194 Wermesiam
1206 4149 1328 4216 prope·

655 4233 759 4287 raret.

243 4389 293 4403 -
338 4350 389 4426 13,
397 4345 518 4432 puell«,
634 4348 818 4432 puellaris3
854 4350 948 4415 illam
975 4352 1077 4431 enim,
1110 4359 1150 4418 ut
1177 4355 1327 4420 crebrius

407 4468 499 4532 qoam
657 4447 800 4514 audivit

244 4615 294 4627 -
339 4575 392 4649 15,
409 4569 521 4636 ibides
635 4571 728 4637 addit
743 4572 868 4651 Paris„
886 4576 1137 4642 matrimonium
1157 4577 1327 4645 initiatum

658 4674 934 4738 consummando.
