3334 5734
397 763 462 830 182
765 781 963 831 uuuvroraua
985 782 1116 831 vauro.

448 962 573 1044 gaudio
586 962 799 1028 liberationis
809 981 894 1041 suae,
905 964 1154 1030 convivantem.
1192 962 1305 1043 Quem
1320 962 1490 1047 sylvanus

447 1080 601 1126 seorsum
623 1081 771 1128 evocans
792 1070 828 1127 et
843 1065 1007 1128 secretius
1027 1063 1218 1147 alloquens,
1232 1064 1316 1146 quia
1334 1064 1489 1145 ignotum

449 1180 488 1225 ae
512 1160 700 1239 simulavit,
722 1161 823 1240 dixit,
846 1160 1001 1241 ‘Amica
1028 1162 1131 1227 redde
1152 1163 1243 1246 quod
1270 1162 1398 1228 debes!
1442 1159 1492 1226 At

449 1261 523 1343 ipse
538 1268 637 1326 torvo
654 1262 751 1326 vultu
769 1261 958 1346 respondit,
975 1261 1087 1342 ‘Quia
1104 1264 1168 1327 tui
1219 1261 1314 1342 Quid
1342 1261 1491 1343 exigiei’

449 1357 501 1425 At
513 1360 584 1438 ille,
598 1366 609 1396 ‘
622 1359 823 1444 Quingeuta
836 1361 968 1427 talenta
984 1361 1067 1425 mihi
1084 1380 1106 1425 a
1119 1368 1154 1426 te
1169 1381 1231 1445 pro
1248 1360 1413 1426 beneficio
1429 1360 1492 1424 tibi

450 1458 542 1524 facto
557 1480 602 1525 ex
615 1467 718 1543 pacto
728 1458 920 1543 promissa!
971 1459 1022 1526 At
1033 1460 1172 1539 Vitaiia,
1184 1467 1194 1495 ‘
1206 1460 1264 1525 Ita
1281 1468 1351 1525 tam
1371 1459 1492 1523 leuiter

452 1558 558 1623 velles
583 1560 720 1635 lucrari,
746 1578 824 1641 quae
851 1579 916 1643 ego
937 1579 998 1644 per
1020 1560 1126 1641 longa
1146 1567 1302 1643 tempora
1322 1559 1491 1624 laboriosa

451 1659 617 1741 acquisivi
627 1659 653 1722 'i’
680 1666 716 1723 et
730 1661 895 1743 praecepit
908 1660 1046 1724 familiae
1060 1678 1133 1724 auae
1147 1666 1185 1724 ut
1200 1666 1382 1742 caperetur
1394 1659 1491 1741 quasi

452 1757 612 1836 delirans,
635 1776 698 1841 pro
724 1765 822 1822 tanta
848 1760 1040 1824 temeritate
1064 1758 1339 1824 incarcerandus.
1391 1757 1490 1836 Quod

452 1856 623 1939 Sylvanus
652 1856 847 1939 intelligens
870 1859 1047 1941 repentino
1065 1857 1157 1922 saltu
1180 1876 1203 1921 a
1225 1857 1329 1922 domo
1347 1857 1491 1931 exilivit,

452 1963 487 2019 et
500 1957 641 2022 veniens
655 1955 698 2020 ad
714 1958 911 2039 praetorium
928 1958 1001 2022 haec
1019 1958 1134 2021 omnia
1148 1957 1322 2042 judicibus
1339 1955 1489 2021 civitatis

454 2055 605 2120 seriatim
620 2055 801 2120 intimavit.
840 2056 1000 2137 Quicum
1016 2075 1085 2121 non
1101 2056 1202 2139 piane
1215 2056 1405 2133 crederent,
1419 2074 1493 2118 nar·

453 2155 544 2218 ravit
567 2154 773 2230 incredibile,
800 2155 984 2220 osteudens
1007 2173 1177 2237 gemmam
1197 2156 1263 2220 sibi
1288 2174 1311 2220 a
1335 2162 1491 2239 serpente

454 2254 642 2336 gratiarum
670 2253 746 2319 ioco
773 2252 909 2335 datam3
939 2263 975 2320 et
1001 2254 1093 2319 illico
1118 2273 1206 2319 unua
1232 2255 1371 2332 civium,
1395 2273 1493 2337 quem

453 2353 564 2417 virtus
582 2351 707 2435 lapidis
737 2372 806 2418 nou
829 2355 972 2432 latebat,
992 2353 1106 2436 ipsum
1127 2373 1253 2436 magno
1274 2355 1386 2436 pretio
1407 2373 1493 2417 com-

454 2453 601 2535 paravit.
662 2451 712 2516 Ut
742 2460 857 2518 autem
887 2472 1004 2518 omnes
1029 2453 1108 2518 inde
1137 2453 1294 2518 redderet
1322 2453 1493 2529 certiores,

453 2551 627 2634 Sylvanus
648 2550 782 2633 aliquoa
803 2553 847 2617 de
871 2552 1004 2618 civibus
1026 2552 1128 2617 duxit
1147 2553 1192 2618 ad
1216 2552 1361 2616 latibula
1386 2552 1491 2617 leonia

454 2658 490 2714 et
500 2651 679 2734 serpentis,
691 2651 750 2733 qui
765 2651 877 2716 adhuc
893 2653 960 2735 ipsi
974 2651 1127 2735 Sylvauo
1141 2660 1304 2734 tanquam
1318 2651 1491 2716 liberatori

455 2750 712 2832 applauserunt.
757 2749 946 2816 Certificati
961 2752 1067 2833 igitur
1075 2751 1211 2836 judices
1225 2751 1377 2815 civitatis
1388 2750 1432 2814 de
1445 2749 1491 2813 rai

455 2850 600 2915 veritate
626 2848 863 2931 compulerunt
890 2850 1042 2916 Vitalem
1070 2850 1210 2915 reddere
1235 2869 1314 2933 quae
1339 2849 1492 2933 promisit

455 2957 491 3014 et
504 2948 701 3014 satisfacere
717 2968 779 3031 pro
793 2949 931 3034 injuria.
982 2949 1071 3014 Haec
1085 2949 1250 3014 referebat
1267 2969 1329 3013 rex
1347 2949 1489 3014 Richar-

456 3048 520 3112 dus
531 3047 722 3125 munificus,
739 3049 894 3131 ingratos
912 3049 1370 3132 redarguendo.-Inaerted
1387 3048 1434 3113 all
1448 3048 1490 3130 by

458 3146 569 3213 Pariu'
586 3146 675 3212 hand
693 3146 729 3211 in
745 3148 787 3212 B.

405 3271 461 3308 ΡΑῦ.
499 3272 553 3309 alit.

406 3335 460 3410 93,
501 3334 553 3411 14,
567 3335 655 3398 Anco
684 3354 753 3398 com
801 3335 918 3401 meana

565 3432 754 3497 notando

408 3595 458 3607 -
503 3555 555 3631 16,
569 3565 681 3621 aarum
802 3553 894 3619 addit
909 3552 1032 3632 Paria,
1053 3552 1098 3618 ad
1119 3571 1221 3637 quam
1248 3550 1361 3616 adhuc
1386 3549 1491 3615 redire

823 3660 1057 3737 proposuerat.

408 3819 459 3832 -
504 3780 556 3854 19,
562 3777 755 3863 fidejaeeoree
803 3777 1082 3863 fidejussoribus.
1098 3823 1106 3842 .
1121 3773 1346 3841 ‚munierunt

547 3879 755 3943 ..invenenant

409 4044 459 4058 -
502 4002 557 4082 27,
572 4003 753 4068 inmuni...
802 4000 920 4066 deant.

571 4123 632 4167 m

409 4263 459 4278 -
503 4226 555 4301 33,
570 4223 730 4310 eaprodie
802 4222 896 4289 addit
925 4222 1048 4301 Paris,
1073 4223 1225 4306 graviter
1251 4241 1366 4305 regem
1394 4220 1495 4285 Fran·

572 4332 636 4388 tom
825 4342 942 4389 corum
960 4322 1004 4388 de
1023 4324 1153 4389 enormi
1168 4322 1343 4388 fidelitatis
1359 4321 1494 4387 laesione
1554 4380 1557 4384 ,

825 4423 1080 4504 redarguentes.

409 4549 465 4623 94,
519 4550 551 4626 2,
566 4568 626 4631 por
647 4545 742 4612 ineol-
804 4546 922 4612 daem

569 4655 632 4708 iam
