3334 5734
362 721 405 789 le

730 741 931 790 nscrlouss
956 741 1090 791 VARlAE.

417 920 512 985 sense
530 918 626 984 illum
646 919 808 987 ducentes
824 921 966 1001 abillis,
986 922 1046 1005 qui
1068 926 1183 985 castro
1204 926 1386 1002 praeersnt,
1406 919 1465 983 iu·

418 1037 572 1103 gressum
599 1018 799 1101 postulant3
833 1022 897 1087 hoc
922 1022 1011 1087 enim
1038 1020 1165 1085 domini
1188 1019 1242 1083 sui
1268 1018 1368 1095 velle,
1393 1017 1465 1082 hoc

420 1138 534 1201 regem
551 1119 725 1184 absentem
738 1119 872 1203 jubere,
888 1122 1017 1186 dicunt.
1069 1120 1179 1184 Erant
1194 1127 1308 1183 autem
1326 1124 1408 1182 tunc
1425 1119 1465 1180 in

421 1224 534 1282 castro
546 1217 606 1282 illo
620 1218 730 1283 omnis
745 1218 815 1283 sere
824 1220 1018 1304 juventutis
1034 1218 1172 1302 Angliae
1187 1226 1223 1283 et
1236 1217 1465 1282 Normanniae

422 1317 595 1394 nobilitas,
618 1324 688 1382 tres
712 1319 844 1384 scilicet
868 1320 929 1384 filii
949 1319 1083 1385 comitis
1111 1317 1254 1400 Rogeri,
1279 1323 1315 1380 et
1334 1317 1465 1381 Eusta-

423 1416 520 1481 chius
543 1436 657 1481 comes
678 1417 846 1482 Bononiae
868 1419 997 1503 junior,
1022 1437 1100 1483 cum
1122 1418 1199 1481 aliis
1221 1416 1350 1493 multis,
1374 1434 1466 1498 quos

423 1517 658 1601 praetermitto.
708 1516 768 1581 Illi
784 1537 879 1596 vero,
902 1519 962 1603 qni
982 1519 1018 1582 in
1037 1524 1151 1582 castro
1172 1521 1282 1594 erunt,
1299 1535 1345 1579 ex
1364 1534 1464 1580 muro

424 1616 682 1700 prospicientes,
693 1617 826 1681 vultum
844 1618 995 1702 episcopi
1011 1637 1088 1681 cum
1104 1616 1249 1680 militum
1264 1615 1378 1679 verbis
1394 1633 1467 1678 non

424 1715 605 1780 convenire
625 1715 863 1799 percipientes,
888 1718 984 1781 ocius
1005 1715 1133 1800 apertis
1151 1715 1262 1780 vulvis
1284 1721 1465 1791 exeuntes,

426 1833 543 1879 omnes
555 1833 631 1877 cnm
647 1815 808 1898 episcopo
824 1816 950 1881 milites
966 1816 1079 1898 regios
1088 1817 1124 1880 in
1138 1813 1316 1879 castellum
1329 1813 1467 1877 vinctos

427 1911 605 1977 reducunt.
654 1912 742 1978 Cum
768 1922 881 1980 autem
907 1935 1022 1980 mmor
1047 1914 1129 1980 lecti
1152 1913 1256 1998 hujus
1283 1910 1327 1976 ad
1353 1912 1467 1994 regius

428 2031 529 2077 aures
556 2012 780 2095 pervenisset,
807 2034 869 2079 rex
896 2014 949 2079 ira
969 2014 1201 2079 inflammatus
1226 2010 1467 2094 stipendiarios

428 2110 553 2176 milites
574 2130 655 2176 snos
674 2110 808 2194 Anglos
826 2121 1026 2196 congregat,
1050 2122 1086 2180 et
1103 2114 1233 2195 absque
1251 2129 1348 2176 mora
1365 2109 1468 2175 atad

429 2210 639 2276 obsidionem
669 2213 821 2289 veniant,
849 2213 961 2297 jubet,
994 2214 1060 2278 nisi
1088 2213 1195 2278 velint
1233 2211 1297 2274 sub
1331 2210 1469 2275 nomine

429 2308 620 2393 ‘Nithing,’
645 2311 736 2394 quod
771 2310 895 2377 Latine
927 2309 1106 2396 ‘nequam’
1139 2317 1251 2388 sonet,
1284 2309 1466 2373 recenseri.

429 2405 549 2491 Angli,
578 2409 637 2492 qui
670 2409 754 2474 nihil
784 2411 1063 2477 contumeliosius
1092 2417 1128 2476 et
1159 2410 1263 2473 vilius
1294 2409 1470 2473 aestimant

429 2526 533 2591 quam
553 2507 748 2592 hujusmodi
770 2509 999 2591 ignominioso
1015 2510 1182 2576 vocabulo
1207 2508 1331 2585 notari,
1356 2517 1468 2572 cater-

430 2607 537 2671 vutim
550 2607 594 2670 ad
608 2626 723 2689 regem
738 2609 962 2688 confluentes,
973 2611 1130 2694 ingentes
1142 2608 1259 2692 copias
1272 2605 1470 2671 conficiunt.

431 2705 572 2771 Obsessi
584 2713 698 2771 autem
709 2707 898 2790 longiorem
911 2709 1121 2775 obsidionem
1133 2708 1221 2773 ferre
1237 2726 1306 2772 non
1315 2706 1470 2771 valentes

430 2804 609 2870 castellum
626 2806 699 2889 regi
716 2806 946 2873 reddiderunt.
997 2809 1073 2874 Odo
1090 2809 1207 2891 itaque
1224 2807 1404 2890 episcopus
1418 2824 1471 2869 se-

431 2904 542 2970 cundo
554 2912 676 2990 captus
693 2904 854 2990 Angliam
872 2915 1037 2992 perpetuo
1052 2906 1238 2991 abjuravit.
1278 2905 1470 2988 Episcopus

432 3004 686 3084 Dnnelmensis,
713 3024 736 3070 a
762 3026 844 3091 rege
876 3015 1053 3093 praetentse
1080 3005 1239 3071 amicitiae
1268 3004 1474 3068 verecundis

432 3104 535 3169 ducto
564 3105 650 3170 liber
682 3107 776 3171 abire
806 3109 1005 3190 permissus,
1036 3107 1128 3171 illico
1153 3106 1191 3170 in
1223 3103 1471 3169 Normanninm

432 3203 678 3269 transfretavit.
724 3204 862 3284 Ceteri,
886 3206 954 3272 fide
980 3208 1074 3284 data,
1103 3203 1233 3269 dimissi
1261 3209 1354 3268 snut.
1405 3202 1471 3267 Sed

432 3301 522 3365 inter
547 3301 609 3366 has
634 3302 820 3368 obsidionis
840 3325 954 3370 morus
975 3305 1122 3370 ministri
1142 3303 1232 3386 regis
1247 3321 1341 3366 mare
1360 3310 1470 3367 custo-

435 3400 568 3464 dientes
599 3401 777 3484 qnosdam,
809 3422 896 3486 quos
929 3403 1001 3468 dux
1034 3403 1208 3470 Robertus
1239 3401 1274 3465 in
1306 3402 1472 3465 auxilium

434 3498 607 3582 praedictis
631 3500 772 3565 miserat
798 3499 1039 3580 desertoribus,
1065 3501 1191 3588 partim
1217 3498 1323 3578 ccede,
1351 3502 1473 3584 partim

435 3598 627 3680 naufragio,
645 3609 910 3683 oppresserunt3
935 3598 1080 3686 qnorum
1105 3599 1245 3686 quidam
1266 3598 1384 3681 lugam
1404 3620 1474 3664 me·

435 3697 596 3775 ditantes,
614 3717 657 3762 ne
674 3700 745 3765 vivi
766 3709 981 3784 caperentur,
1005 3701 1096 3767 ultro
1122 3720 1198 3767 sese
1217 3699 1378 3764 fluctibus
1399 3700 1474 3765 sub

435 3802 636 3861 merserunt.

386 3936 444 3975 PAO.
478 3936 531 3973 ull.

387 4001 439 4076 35,
500 3999 530 4075 6,
539 4019 629 4084 papo
784 4002 1003 4068 constituitur
1017 4019 1120 4085 papu.

386 4161 451 4174 -·
502 4120 531 4200 7,
540 4143 635 4208 papa
782 4127 873 4193 dese.

386 4286 438 4301 -
480 4247 532 4324 14,
549 4243 735 4310 totcredsres
785 4257 918 4316 tantum
932 4250 1065 4333 copiam
1082 4267 1157 4313 esse
1171 4247 1366 4314 credideris.

549 4343 707 4410 abradere

388 4508 439 4522 --
483 4471 735 4546 15‚aon...ee
787 4470 935 4536 fustibus
950 4478 985 4536 et
997 4471 1129 4537 buculis
1146 4470 1303 4555 arreptis.

550 4565 671 4631 nubant
