3334 5734
357 772 423 838 284
723 780 922 831 511071οΝ18
948 780 1077 831 vum.

371 913 428 951 m.
454 912 504 949 un.

360 976 434 1053 269,
474 975 504 1051 6,
522 973 643 1060 αἰρεσιν»
660 972 705 1037 oi-
754 968 923 1034 vidissent
951 968 1151 1052 vestigium
1183 975 1364 1051 suspectas
1396 968 1452 1032 bu-

524 1073 638 1140 dissini
775 1070 895 1134 bentes
920 1067 1187 1135 Pictaviousium
1215 1067 1354 1134 innam
1376 1088 1448 1133 uer·

774 1169 895 1235 satius.

359 1338 409 1351 -
453 1299 506 1373 20,
518 1293 695 1384 moyam
754 1301 967 1377 satagentes,
991 1291 1036 1357 ad
1055 1292 1140 1357 illud
1162 1312 1299 1371 nomeu,
1316 1292 1407 1376 quod
1420 1294 1450 1357 oi

775 1414 837 1477 per
845 1394 1016 1477 quoddam
1030 1393 1238 1477 passagium
1255 1393 1374 1457 datum
1388 1400 1451 1471 est,

774 1493 908 1558 scilieet
926 1492 950 1557 J
952 1493 1106 1559 ohannes
1124 1493 1287 1572 extorris,
1302 1493 1374 1559 iere
1394 1493 1450 1558 do-

775 1599 962 1659 tmoemm.

359 1763 408 1774 -
454 1721 508 1797 25,
523 1718 589 1783 Rea
607 1725 708 1782 auten
749 1717 918 1803 Jaotitans
939 1737 977 1782 se
999 1717 1144 1784 arduum
1168 1727 1204 1784 ot
1226 1738 1295 1783 uon
1310 1716 1451 1781 scurrile

776 1817 866 1884 uelle
877 1825 912 1883 et
928 1819 1015 1883 scire
1030 1819 1112 1884 dare
1126 1819 1320 1895 eonsilium,
1333 1824 1450 1900 utpote

777 1918 837 2001 qui
865 1918 1050 2002 aliquando
1074 1918 1256 1984 consilium
1283 1919 1319 1983 iu
1350 1916 1449 2000 purti-

777 2019 842 2083 bus
864 2018 1087 2084 orientalibus
1109 2019 1202 2083 rexit
1214 2017 1403 2102 imperiale,
1417 2025 1450 2081 et

776 2118 869 2202 quod
886 2125 957 2183 tam
973 2118 1154 2184 Saracenis
1172 2138 1275 2202 quam
1294 2117 1373 2183 aliis
1394 2135 1449 2182 uu·

776 2218 929 2283 tionibus
944 2226 1020 2284 orat
1042 2217 1226 2302 prudentia
1241 2217 1318 2305 ejus
1339 2216 1447 2282 fonni-

776 2317 911 2382 dabilis.
952 2318 1032 2384 Rex
1043 2327 1171 2398 autem,
1181 2319 1216 2384 in
1231 2326 1364 2404 partem
1377 2316 1447 2404 jum

775 2436 933 2482 reversus
947 2417 1161 2484 deteriorem.

247 2561 249 2564 ·
359 2580 410 2594 -
453 2544 506 2621 31,
522 2538 696 2607 trademur
750 2542 941 2625 puniretur.

360 2667 434 2748 270,
451 2670 505 2744 15,
519 2687 620 2732 sorore
632 2686 689 2730 suo
751 2683 871 2730 sonoro
884 2685 950 2756 sua
966 2665 1127 2731 Isabella.

359 2833 409 2847 -
453 2794 505 2870 25,
522 2790 708 2858 metium
754 2788 937 2870 foemineis,
954 2798 1029 2857 erat
1047 2793 1139 2857 enim
1157 2791 1211 2857 vir
1228 2790 1352 2857 nobilis
1373 2810 1445 2875 W·

777 2889 873 2955 toris.

359 3057 410 3072 ..
454 3017 508 3093 26,
524 3014 652 3083 ostendit
753 3013 959 3079 ostendisset
974 3013 1106 3081 mulier.

360 3138 435 3217 271,
454 3143 506 3220 15,
519 3138 694 3306 ἴωωοοαὶ-
753 3136 848 3203 adda
865 3137 991 3217 Puris,
1008 3140 1105 3205 miles
1120 3140 1405 3226 incomparabilis.

357 3407 408 3419 -
452 3368 503 3444 18,
520 3365 575 3452 qai
587 3366 631 3430 eis
645 3365 705 3431 ad-
754 3380 823 3426 uon
850 3362 1069 3446 ignobilibus,
1097 3364 1164 3429 sibi
1182 3384 1224 3429 eo
1246 3363 1446 3429 adhaerenti·

520 3463 671 3531 ossum
776 3462 852 3526 bus.

357 3633 407 3645 ..
452 3591 505 3669 19,
519 3611 573 3655 m
752 3600 812 3646 rex
831 3581 971 3666 Angliae
985 3583 1170 3652 Haurieus.

356 3755 407 3769 ..
451 3714 503 3792 21,
519 3712 604 3780 dedit
751 3705 1322 3788 addul‘aris.,addonsu010rem
1348 3731 1447 3795 super

773 3806 939 3887 dolorem,
964 3810 1108 3877 vulnera
1126 3810 1350 3897 imprimendo
1374 3811 1445 3876 vul·

773 3908 923 3973 neribus.

354 4067 405 4082 -
448 4034 501 4111 35,
518 4032 704 4101 Nomius
750 4035 902 4105 Walliae.

355 4154 431 4233 272,
471 4159 501 4236 1,
511 4164 618 4223 eontra
628 4178 726 4246 noem
752 4159 868 4228 deant.

350 4546 400 4560 -
467 4505 657 4585 iminica
749 4509 844 4575 addit
870 4510 998 4591 Paris„
1016 4522 1050 4579 et
1069 4534 1114 4580 ex
1138 4514 1303 4583 Flaudria
1325 4516 1438 4583 Balde·

774 4610 885 4676 winus
904 4612 946 4676 de
961 4612 1098 4697 Gysuas
1113 4635 1190 4683 cum
1205 4637 1269 4682 sua
1282 4617 1439 4684 custodiu-
