3334 5734
569 780 768 831 uncrinuns
790 780 923 830 unuin.
1230 766 1297 832 223

246 962 546 1050 decimoseptimo
570 964 730 1029 calendas
754 961 907 1047 Aprilis;
930 971 1010 1048 post
1028 964 1127 1049 cujus
1149 971 1294 1030 mortem

246 1073 455 1130 memoratus
475 1085 538 1131 rex
564 1064 600 1129 in
624 1062 782 1129 custodia
812 1062 922 1142 Petri,
941 1064 1193 1130 Wintoniensis
1220 1065 1294 1148 cpi-

247 1165 547 1330 Zopiieptclppansit.
590 1163 812 1248 Epitaphium
825 1171 942 1229 autem
957 1165 1114 1247 praedicti
1128 1163 1294 1229 Willelmi

454 1313 465 1346 2

357 1389 445 1450 ‘Sum
458 1408 543 1468 quem
557 1388 709 1448 Saturnum
722 1389 776 1448 sibi
790 1388 879 1447 sensit
892 1388 1051 1468 Hybernie‚
1064 1387 1160 1448 Solem

375 1486 492 1565 Angliu,
506 1485 684 1544 Mercurium
699 1484 883 1555 Normsnnia,
898 1485 995 1545 Gallie
1008 1485 1153 1545 Martem!

250 1619 333 1685 Fuit
364 1620 454 1685 cuim
490 1619 734 1705 Hybemorum
770 1620 914 1685 nocivus
952 1619 1132 1698 edomitor,
1168 1620 1295 1704 Anglis

248 1719 357 1784 honor
383 1727 419 1785 ct
451 1721 574 1804 gloria,
608 1718 818 1784 Normannis
855 1720 1062 1801 negotiator,
1095 1721 1154 1804 qui
1187 1722 1223 1785 in
1254 1741 1297 1786 ca

248 1820 358 1884 multa
375 1820 602 1904 comparavit,
628 1818 772 1884 Gallicis
799 1819 981 1884 bellicosus
1005 1828 1040 1884 et
1060 1820 1158 1885 miles
1182 1820 1296 1886 invin-

250 1920 373 1985 cibilis.
425 1920 506 1985 Hoc
531 1939 669 2004 quoquc
691 1939 780 1984 anno
801 1918 895 1984 facta
921 1927 975 1985 est
994 1920 1183 1985 amicabilis
1203 1940 1298 1986 com-

250 2019 377 2102 positio
407 2021 497 2086 inter
527 2020 706 2084 ecclesiam
744 2018 1015 2084 Lincolnicnsem
1048 2027 1084 2085 et
1115 2020 1295 2085 ecclesiam

250 2121 362 2185 sancti
392 2119 521 2186 Albani
552 2138 657 2202 super
693 2118 822 2183 vicaria
858 2118 900 2183 de
939 2118 1103 2197 Luitonu,
1139 2126 1293 2204 temporo

250 2217 426 2300 Hugonis,
453 2218 702 2284 Lincolnicnsis
733 2218 895 2301 episcopi,
923 2219 1055 2283 scilicet
1083 2218 1233 2295 secundi,
1261 2227 1297 2284 ct

250 2316 416 2382 Willelmi
431 2319 566 2384 abbatis
580 2318 691 2382 sancti
706 2316 845 2381 Albani.
897 2316 985 2396 Quae
1003 2319 1207 2403 compositio
1224 2318 1296 2402 plo-

250 2418 328 2481 nius
343 2417 505 2482 scribitur
521 2419 558 2482 in
573 2416 660 2481 libro
673 2415 1005 2482 Additamentorum.

199 2557 257 2596 rto.
292 2558 345 2596 titt.

202 2618 256 2698 47,
295 2622 348 2696 12,
362 2619 498 2685 colerent
597 2619 802 2703 potuissent.

200 2785 251 2798 —
294 2747 346 2822 29,
355 2745 521 2829 pauciores
597 2741 741 2806 circiter.

366 2866 458 2930 quom

199 2970 255 3043 49,
301 2968 353 3044 20,
364 2966 525 3051 praedccec
599 2964 730 3047 praevii.

202 3093 255 3167 51,
314 3092 345 3167 l,
360 3088 515 3175 intrepido
598 3087 687 3152 deoc.

201 3255 253 3267 —
317 3211 553 3292 uomicam
598 3219 747 3277 orantes.

201 3379 253 3391 -
296 3338 511 3422 26,sossatcm
599 3342 720 3400 contra
734 3335 901 3400 fossatum
918 3343 963 3401 et.

201 3497 255 3510 —
297 3464 350 3541 30,
363 3459 513 3526 mlum
598 3458 686 3523 deest.

204 3587 257 3663 53,
317 3586 350 3661 6,
365 3584 477 3650 vostris
599 3582 687 3648 deest.

204 3711 258 3787 55,
296 3710 348 3788 32,
365 3716 520 3794 speram
603 3707 637 3771 0.
654 3706 780 3770 inserts
801 3705 894 3785 here,
909 3705 1024 3790 ‘Ipsis
1046 3707 1165 3773 diebus
1190 3710 1293 3794 signi·

370 3809 450 3873 ioco
622 3806 861 3890 potentissima
884 3815 1005 3871 sancta
1027 3807 1218 3888 Elisabeth,
1243 3831 1295 3875 re-

622 3906 676 3987 gis
722 3905 916 3988 Hungariae
958 3906 1041 3985 filia,
1083 3907 1297 3991 landegravii

622 4004 824 4088 Thuringiae
865 4025 1005 4089 sponsa,
1046 4007 1219 4071 miraculis
1261 4018 1296 4074 et

623 4105 705 4170 vitae
721 4106 906 4170 sanctitate
920 4124 1026 4189 supra
1041 4124 1162 4171 sexum
1178 4108 1296 4173 mulie

622 4205 717 4269 brem
743 4204 861 4270 floruit
885 4205 921 4268 in
944 4204 1169 4287 Alemannia3
1195 4207 1296 4292 cujus

622 4303 763 4369 hortatu
781 4304 836 4370 vir
859 4324 941 4368 suus
958 4304 1213 4389 landegravius,
1236 4328 1298 4375 no·

621 4405 714 4469 mine
738 4404 957 4481 hunnericus,
984 4424 1119 4470 crucem
1145 4409 1299 4493 suscepit

622 4510 658 4569 et
686 4504 778 4589 apud
806 4505 1002 4570 Damietam
1029 4506 1126 4585 obiit,
1155 4509 1297 4574 sanctis·
