3334 5734
543 753 744 802 unctiones
767 752 901 803 visin.
1225 738 1270 804 95

222 936 300 1013 tati,
317 943 390 1000 tum
405 936 447 1000 de
470 935 622 1001 adventu
641 936 735 1000 beati
750 935 950 1019 Amphibali
975 936 1132 1019 magistri
1154 937 1209 1000 sui
1231 938 1267 1000 in

221 1036 408 1114 civitatem,
428 1043 502 1101 tum
518 1036 561 1100 de
576 1054 713 1100 recessu
729 1036 773 1099 ab
789 1036 936 1101 invicem
953 1035 1177 1114 lamentabili,
1194 1044 1267 1102 tum

221 1134 265 1198 de
284 1136 463 1220 utriusque
481 1136 650 1219 passione.
701 1135 748 1200 Et
774 1154 988 1219 quaecunque
1016 1134 1191 1201 Robertns
1218 1137 1268 1200 in-

222 1242 399 1318 terrogare
423 1235 573 1312 volebat,
603 1242 735 1319 martyr
757 1242 918 1319 prompta
947 1236 1168 1319 responsione
1198 1235 1269 1300 dis·

221 1335 368 1400 serebet.
420 1334 576 1416 Contigit
594 1342 722 1411 autem,
750 1341 791 1399 ut
816 1334 1136 1418 interloquendum
1164 1355 1267 1418 qnos·

222 1432 302 1498 dam
332 1441 540 1500 mercatores
566 1433 609 1499 de
637 1434 832 1519 Dunstaple
854 1433 1020 1499 baberent
1047 1436 1179 1513 obvios,
1209 1436 1268 1518 qui

224 1550 325 1597 mane
338 1533 503 1599 interesse
518 1533 594 1598 foro
607 1533 644 1599 iu
659 1552 750 1617 pago
763 1533 876 1598 sancti
889 1532 1020 1599 Albani
1039 1554 1102 1619 pro
1121 1534 1268 1617 negotiis

223 1631 453 1714 festinabaut3
481 1653 625 1717 quorum
644 1634 830 1699 adventum
849 1633 1039 1716 praedicens
1060 1635 1111 1699 ait
1126 1641 1269 1717 martyr,

225 1731 469 1797 ‘Divertamus
499 1733 675 1816 paulisper
708 1733 827 1797 donec·
851 1734 1111 1816 pertransierint
1142 1734 1268 1798 adven·

224 1839 352 1910 antes,
366 1852 409 1897 ne
426 1831 515 1898 forte
530 1833 596 1897 iter
610 1839 765 1897 nosuum
779 1832 968 1916 impediant
980 1832 1235 1916 percunctando
1246 1834 1268 1914 ;'

225 1931 292 1995 iter
302 1933 392 1996 enim
408 1933 452 1996 ab
468 1952 509 1996 eo
525 1932 732 1997 coruscavit.
757 1930 860 2012 Quod
875 1939 911 1996 et
927 1932 1055 1998 sactum
1071 1940 1137 1998 est.
1179 1930 1267 1996 (lum

225 2038 339 2096 autem
347 2030 584 2115 pervenissent
593 2032 637 2096 ad
653 2031 801 2095 medium
812 2031 948 2096 circiter
960 2032 1104 2110 itineris,
1116 2032 1174 2096 ubi
1188 2032 1265 2097 duae

227 2131 367 2195 arbores
387 2131 425 2195 in
447 2131 559 2195 medio
574 2137 695 2195 stratae
712 2130 862 2210 fuerant,
878 2131 929 2196 ait
943 2137 1086 2215 martyr,
1101 2137 1112 2166 ⁴
1125 2130 1267 2196 Hucus-

226 2249 294 2312 que
311 2230 395 2295 dnxi
416 2231 618 2313 magistrum
633 2248 747 2294 meum
763 2231 903 2294 beatum
919 2229 1177 2314 Amphibalum,
1191 2250 1268 2295 cum

228 2329 349 2395 ultimo
366 2330 403 2394 in
420 2329 485 2395 hac
499 2330 573 2394 vitu
594 2328 759 2393 mundiali
784 2329 1074 2413 lachrymabiliter
1093 2331 1268 2414 colloque-
1318 2330 1321 2335 '

225 2428 360 2507 bamur,
376 2437 458 2494 tunc
481 2430 525 2494 ab
546 2429 693 2494 invicem
707 2429 902 2494 recessuri.'
953 2429 999 2494 Bt
1014 2429 1082 2494 nisi
1097 2429 1270 2515 splendor,

225 2529 286 2610 qni
307 2548 329 2593 a
351 2537 503 2613 martyre
529 2528 746 2611 procedebat,
773 2529 915 2593 obtutus
941 2528 1086 2594 Roberti
1111 2531 1269 2594 reverbe-

226 2635 350 2704 rasset,
375 2636 411 2694 et
433 2628 536 2692 timor
560 2646 638 2692 cum
661 2627 883 2711 simplicitate
911 2626 1129 2694 refraenasset
1156 2630 1268 2711 ipsum

228 2728 432 2805 Robertum,
462 2727 504 2792 de
537 2727 654 2792 multis
687 2732 760 2792 tam
790 2726 916 2792 futuris
946 2746 1049 2811 quam
1084 2729 1268 2814 praeteritis

226 2835 368 2893 sancum
383 2827 616 2893 certificasset.

187 2968 246 3004 m.
268 2967 319 3006 un.

176 3031 255 3107 390,
294 3032 326 3106 8,
332 3030 427 3113 serris
574 3027 685 3093 fossis.

175 3195 229 3207 -
274 3150 324 3230 17,
335 3152 485 3239 persolvit
574 3150 769 3236 persolvere
781 3150 971 3215 consuevit.

175 3311 229 3322 -
273 3276 325 3353 36,
339 3275 486 3342 milaubet
573 3273 747 3351 militabit,
763 3272 948 3357 multisque
969 3273 1121 3357 proderit
1141 3273 1186 3339 ad
1211 3294 1268 3340 sa-

595 3373 711 3438 lutem.
755 3372 929 3438 Robertus
943 3392 1026 3439 vero
1041 3374 1130 3439 aeris
1146 3381 1181 3441 et
1195 3375 1270 3460 pla-

594 3471 691 3537 nitiei
702 3472 813 3537 visum
826 3471 1006 3537 dimetiens
1023 3473 1156 3557 lapides
1169 3494 1269 3558 quos-

594 3570 687 3650 dam,
714 3572 774 3655 qui
799 3570 847 3636 ibi
869 3572 1044 3657 jacebant,
1067 3575 1208 3657 collegit
1234 3582 1270 3640 et

594 3670 719 3736 ibidem
751 3671 900 3754 quodam
933 3672 1107 3739 schemate
1141 3674 1269 3740 locavit

595 3771 724 3848 dicens,
750 3769 844 3834 ‘His
867 3771 968 3836 metis
992 3772 1036 3837 de
1060 3772 1126 3839 hoc
1147 3780 1268 3839 sancto

595 3870 672 3935 loco
685 3889 762 3935 cras
776 3869 911 3955 plenius
924 3871 1209 3938 edocebor.'-In
1227 3872 1269 3936 B.

595 3970 632 4034 in
649 3968 760 4034 Paris'
778 3969 882 4034 band.

178 4101 256 4176 391,
296 4101 326 4176 2,
344 4095 516 4162 revertenti·
573 4093 804 4171 occuparis,
820 4113 899 4158 cum
917 4091 1075 4159 venirent
1090 4101 1172 4159 ante
1192 4113 1271 4177 por·

345 4196 400 4262 brer
596 4199 669 4259 tam
694 4192 849 4258 ecclesiae
873 4199 949 4257 erat
976 4191 1098 4258 domus
1127 4193 1272 4259 Roberti

596 4293 772 4358 remotior.

177 4456 231 4467 —
275 4424 307 4495 5,
323 4420 433 4504 recepit
575 4415 668 4481 addit
692 4416 818 4494 Paris„
842 4415 955 4494 Istud,
984 4435 1053 4480 non
1078 4423 1118 4480 ut
1134 4417 1273 4500 quidam

599 4516 734 4598 lingunt
750 4514 970 4581 detrabentes
986 4515 1137 4595 veritati,
1151 4537 1221 4583 non
1235 4525 1274 4583 ut
