3334 5734
396 751 461 817 194
761 764 957 815 usoniouns
980 765 1114 815 vinis.

449 964 538 1028 non3
572 946 674 1025 absit,
702 948 801 1030 gluto
830 947 988 1031 pessime,
1022 954 1062 1013 ut
1093 948 1129 1011 iu
1160 954 1318 1011 sunctum
1348 946 1481 1011 Domini

449 1055 592 1113 mortem
616 1047 860 1130 procuremus!
910 1046 956 1112 Et
976 1046 1047 1124 ille,
1064 1052 1075 1081 ‘
1090 1045 1170 1111 Non
1192 1053 1348 1129 parceret
1369 1046 1431 1110 tibi
1449 1047 1481 1109 in

449 1145 616 1213 consimili
628 1147 735 1210 casn!
785 1147 876 1210 Tum
890 1145 1096 1224 Willelmus,
1113 1146 1216 1211 ‘Fiat
1228 1146 1370 1211 Domini
1384 1147 1482 1209 bene·

450 1247 622 1331 placitum.
665 1246 832 1311 Dominus
847 1246 1017 1328 disponet,
1034 1265 1102 1311 non
1117 1245 1199 1309 ille!
1234 1245 1277 1309 Iu
1290 1245 1355 1310 hoo
1367 1244 1483 1308 similis

451 1352 527 1411 ernt
540 1345 654 1411 David
671 1346 844 1429 parcentis
859 1344 955 1424 Saul,
970 1363 1047 1408 cum
1065 1345 1229 1410 occidisse
1242 1346 1368 1429 potnit.
1409 1344 1483 1408 Hoc

453 1452 574 1529 postea
596 1464 665 1510 uon
687 1446 790 1510 latuit
811 1465 945 1528 regom3
969 1448 1032 1509 neo
1054 1445 1098 1510 ob
1124 1445 1189 1509 hoo
1213 1445 1324 1509 voluit
1349 1463 1483 1527 parcere

370 1568 374 1577 ·
453 1553 568 1630 capto,
598 1545 681 1629 quin
718 1544 830 1628 ipsum
865 1544 1109 1628 suspendisset,
1151 1545 1181 1609 si
1218 1545 1420 1629 permissum
1455 1544 1484 1606 ei

454 1645 586 1710 fnisset.

416 1768 473 1807 PAO.
506 1768 559 1806 ult.

406 1833 479 1909 338,
518 1832 549 1907 2,
563 1837 749 1896 nomnen...
801 1827 948 1913 alicujus
961 1831 1256 1912 tergiversatione.

566 1950 743 2015 unusquam

406 2094 457 2108 -
521 2057 554 2130 8,
569 2051 657 2134 Quod
724 2060 753 2117 oi
802 2052 920 2118 desum

570 2161 677 2217 πίονα

407 2320 457 2331 -
502 2279 554 2356 18,
571 2284 755 2363 repuyuaoto
803 2286 918 2343 tumen
934 2277 1158 2344 reclamantes
1172 2277 1382 2345 illiteratum.

570 2384 671 2441 mmm
689 2375 754 2441 illl

569 2483 708 2540 leuium

409 2641 459 2654 --
503 2601 755 2686 22‚proplor...
805 2598 842 2662 in
857 2617 898 2662 eo
915 2597 1105 2674 seientiam,
1127 2616 1230 2680 quom
1251 2596 1484 2682 appelluntsn-

571 2697 700 2766 obtime
827 2697 1004 2782 pientiam,
1031 2696 1161 2761 scilicet
1186 2716 1319 2762 morum
1346 2704 1484 2761 monete

829 2796 1002 2861 conditum
1027 2796 1216 2874 scientium,
1241 2797 1382 2880 insuper
1403 2796 1486 2860 invo-

829 2915 900 2960 rem
917 2895 1045 2960 domini
1060 2909 1160 2981 pnpae
1174 2896 1338 2962 obtinere.

412 3056 463 3069 —-
502 3023 560 3096 ³5,
569 3022 695 3105 penitus
808 3018 894 3085 deest.

415 3145 489 3219 340,
527 3139 559 3220 7,
573 3141 760 3228 domiuipo·
809 3141 924 3206 dosunt.

568 3242 761 3355 puosumilt'·

574 3361 642 3404 um

416 3458 491 3531 341,
529 3456 678 3539 2‚fuerui
808 3458 886 3524 suit.

417 3623 468 3636 -
532 3584 562 3657 4,
578 3581 667 3668 quasi
673 3603 737 3668 pro
811 3583 953 3648 nullum.

582 3681 679 3746 uilio

420 3845 471 3856 —
514 3809 566 3885 25,
583 3815 680 3871 certon
813 3813 941 3871 tantus.

420 3969 472 3983 -
515 3935 566 4010 30,
577 3931 766 4048 motmunt.
814 3939 1014 4015 magnetum
1031 3931 1209 3997 civitatum
1224 3941 1259 3996 et
1276 3933 1425 3998 oliorum.

577 4032 770 4118 numenque

424 4158 498 4233 sin
533 4152 564 4233 7,
579 4153 693 4241 muts
815 4151 904 4219 nni.

424 4316 475 4329 -
538 4282 570 4356 8,
586 4287 622 4343 ot
816 4296 910 4342 veno.

426 4443 476 4456 -
520 4400 572 4480 2⁷,
585 4401 722 4467 onomius
812 4400 955 4486 judicio.

426 4564 477 4577 -
520 4522 774 4641 32‚proptiesibi
818 4527 956 4611 proprio
969 4526 1033 4591 sibi
1049 4526 1138 4591 solio.

578 4646 709 4711 mmm
