3334 5734
361 732 427 801 8⁰2
727 747 927 798 moriones
952 746 1083 797 vinis.

362 932 441 998 loca
455 950 521 997 sua
535 930 625 1011 illos,
647 930 706 1015 qui
722 931 859 1015 signum
876 930 987 995 crucis
1004 930 1246 1014 deposuerunt,
1269 948 1451 1011 resumere,

362 1051 405 1099 ac
428 1040 498 1099 tam
526 1032 620 1117 ipsos
641 1050 745 1115 quam
764 1029 852 1096 alios
873 1049 974 1095 cruce
996 1029 1151 1112 signatos
1174 1036 1209 1095 et
1231 1049 1320 1114 quos
1342 1030 1453 1096 adhuc

363 1133 493 1214 signari
506 1131 701 1215 contigerit,
720 1130 765 1196 ad
787 1129 997 1195 reddendum
1023 1130 1173 1195 Domino
1193 1137 1276 1195 vota
1295 1149 1361 1195 sua
1380 1131 1453 1196 dili·

364 1239 485 1315 genter
500 1237 663 1298 moneant
678 1238 714 1296 et
727 1230 904 1298 inducant.
962 1229 1147 1308 Ceterum,
1160 1230 1243 1313 quia
1257 1231 1402 1296 cursarii
1417 1238 1452 1296 et

363 1331 485 1415 piratae
508 1332 609 1396 nimis
628 1330 819 1414 impediunt
839 1329 1029 1395 subsidium
1054 1328 1172 1416 Terrae
1192 1336 1335 1407 saneta,
1362 1331 1451 1415 capi·

364 1431 452 1497 endo
475 1438 511 1497 et
532 1431 712 1515 spoliando
735 1428 1015 1502 warmuntesad
1035 1429 1130 1493 illam
1146 1435 1181 1495 et
1194 1430 1239 1494 ab
1261 1429 1325 1494 ills
1342 1450 1453 1496 rerer·

362 1537 487 1609 tentes,
513 1551 576 1596 nos
600 1550 660 1597 eos
681 1538 717 1596 et
741 1528 945 1613 principales
965 1528 1142 1614 adjutores
1163 1537 1199 1595 et
1216 1528 1367 1594 fautores
1391 1549 1451 1595 ex·

362 1629 680 1698 communicationis
695 1629 834 1698 vinculo
850 1628 1075 1709 innodamus3
1097 1630 1162 1694 sub
1176 1629 1452 1695 interminatione

363 1731 592 1797 anathematis
613 1730 819 1805 inhibentes,
844 1748 888 1794 ne
913 1729 990 1811 quis
1012 1748 1090 1794 cum
1114 1727 1165 1794 eis
1191 1729 1340 1793 scienter
1358 1748 1450 1795 com·

363 1831 514 1896 muniret
538 1830 575 1895 iu
599 1830 716 1914 aliquo
737 1828 943 1898 venditionis
968 1827 1023 1894 vel
1047 1827 1228 1912 emptionis
1248 1835 1449 1910 contractu3

363 1928 580 2015 injungentes
596 1930 786 1996 rectoribus
807 1929 986 1998 civitatum
1007 1935 1044 1994 et
1058 1928 1210 1994 locorum
1235 1947 1388 2006 suorum,
1412 1937 1451 1995 ut

365 2049 425 2095 eos
454 2031 498 2097 ah
523 2030 589 2096 hac
617 2030 799 2114 iniquitate
824 2034 986 2095 revocent
1012 2035 1048 2093 et
1072 2036 1304 2111 compescant.
1355 2028 1451 2094 Alio·

364 2131 460 2214 quin,
489 2131 572 2215 qnia
602 2130 693 2196 nolle
724 2130 924 2213 perturbare
953 2146 1132 2211 perversos
1164 2127 1248 2193 nihil
1276 2127 1372 2193 aliud
1399 2137 1451 2195 est

364 2248 468 2313 quarn
487 2230 613 2306 lovere,
635 2249 697 2295 nec
717 2236 836 2296 carent
848 2227 1010 2311 scrupulo
1028 2226 1203 2293 societatis
1224 2227 1371 2293 occultae
1392 2229 1450 2313 qai

364 2329 546 2395 manifesto
578 2329 722 2394 facinori
753 2328 868 2398 desint
892 2328 1043 2405 obviare,
1073 2345 1137 2392 nos
1162 2326 1200 2392 in
1229 2346 1395 2411 personas
1417 2336 1452 2394 et

363 2434 475 2493 terras
501 2447 619 2494 eorum
638 2427 859 2494 serentatem
880 2425 1147 2492 ecclesiasticam
1170 2428 1366 2493 curarimus
1393 2447 1449 2493 ex·

363 2547 488 2603 erecte,
513 2547 591 2593 cum
617 2526 705 2593 tales
730 2546 799 2591 non
822 2525 937 2592 minus
958 2544 1063 2610 quam
1086 2526 1251 2593 Saraceni
1271 2526 1452 2593 advoesen·

364 2633 422 2693 tur
454 2627 585 2694 nomini
616 2626 821 2694 Christiano.
874 2626 1087 2692 Inuerarnus
1116 2633 1285 2710 praeterea
1315 2645 1451 2693 excum-

364 2727 607 2796 manicationis
620 2727 838 2805 sententiam,
853 2725 890 2790 in
904 2725 1075 2792 Laterano
1091 2726 1236 2791 concilio
1258 2727 1451 2811 promulga-

366 2833 449 2907 tam,
466 2826 631 2893 adversm
647 2846 706 2891 eos
721 2827 781 2910 qui
798 2825 977 2892 Saracenis
998 2844 1105 2903 arma,
1129 2826 1269 2904 senum,
1291 2834 1327 2893 et
1340 2827 1451 2910 ligna·

365 2928 458 2992 mina
484 2927 643 2992 deferunt
659 2925 857 3010 galeiarum,
882 2925 1009 3010 quique
1030 2926 1066 2990 in
1090 2925 1245 3009 piraticis
1264 2925 1452 2992 Saraceno-

365 3046 442 3091 rum
461 3028 606 3093 navibus
631 3045 749 3094 curam
768 3026 1025 3109 gubernationis
1049 3033 1224 3104 exercent,
1237 3026 1293 3091 vel
1319 3028 1357 3092 in
1380 3047 1452 3092 ma·

366 3126 475 3194 chinis
500 3127 556 3192 vel
576 3125 785 3212 quibuslibet
809 3125 886 3190 aliis
908 3124 1048 3208 aliquod
1074 3126 1124 3190 eis
1145 3125 1348 3208 impendunt
1371 3146 1452 3192 con·

364 3225 479 3291 silium
495 3226 550 3291 vel
566 3226 743 3302 auxilium,
757 3226 793 3289 iu
808 3224 927 3290 Terrae
942 3233 1072 3290 sanctae
1085 3224 1313 3307 dispendium,
1327 3245 1453 3310 eosque

364 3345 477 3392 rerum
492 3345 631 3391 suarum
647 3325 839 3409 privatione
854 3324 1025 3401 mulctari,
1040 3331 1076 3389 et
1091 3325 1299 3407 capientium
1322 3345 1452 3400 serres,

365 3425 396 3490 si
425 3426 520 3509 capti
549 3425 687 3503 suerint,
714 3424 788 3489 fore
816 3443 1020 3504 censemus;
1057 3425 1295 3508 precipientes
1324 3434 1364 3490 ut
1393 3446 1454 3510 per

366 3544 484 3592 omnes
506 3526 607 3592 urbes
633 3522 784 3589 marinas
805 3523 926 3589 diebus
943 3523 1135 3592 Dominicis
1151 3532 1186 3590 et
1200 3524 1334 3590 festivis
1349 3526 1451 3610 hujus

366 3625 540 3690 sententia
565 3624 700 3707 publice
728 3624 921 3692 innovetur.
973 3623 1020 3689 Et
1042 3623 1169 3688 talibus
1194 3626 1360 3706 gremium
1384 3644 1451 3690 nou

366 3724 542 3808 aperiatur
556 3723 722 3800 ecelesiae,
737 3724 804 3794 nisi
828 3730 952 3801 totum,
973 3723 1067 3807 quod
1088 3722 1131 3789 de
1153 3724 1355 3790 commercio
1381 3732 1451 3789 tam

366 3823 553 3890 damnabili
569 3824 794 3908 perceperint,
809 3824 847 3888 in
859 3824 1046 3889 subsidium
1064 3822 1181 3888 Terrae
1195 3831 1325 3889 sanctae
1342 3832 1452 3890 trans·

365 3924 515 4001 mittant,
533 3931 573 3990 nt
592 3944 691 4008 aequo
711 3923 854 4008 judicio,
877 3923 913 3988 in
929 3942 998 4007 quo
1024 3923 1239 4006 deliquerint,
1256 3925 1451 4007 puniantur.

367 4022 471 4103 Quod
487 4025 518 4089 si
536 4023 625 4090 forte
647 4024 810 4092 solvendo
834 4023 1084 4090 satisfacientes
1104 4042 1173 4088 nou
1195 4023 1333 4101 fuerint,
1350 4017 1453 4088 ¹sicut

366 4123 454 4189 alias
474 4132 591 4190 reatus
618 4123 739 4189 Qum
770 4123 953 4205 castigare,
982 4124 1074 4206 quod
1102 4124 1140 4188 in
1167 4141 1271 4206 poeua
1301 4124 1452 4207 ipsorum

365 4222 444 4288 aliis
467 4223 693 4290 interdicatur
716 4222 863 4288 audacia
890 4222 1051 4287 similium
1074 4222 1310 4305 praesumendi.
1363 4221 1453 4302 Quia

365 4342 448 4389 vero
480 4324 526 4389 ad
555 4314 625 4390 'hoe
654 4323 830 4406 negotium
863 4322 1120 4405 exsequendum
1154 4331 1208 4389 est
1242 4323 1452 4406 permaximo

366 4480 526 4606 &ibicum
535 4520 542 4536 .
550 4477 695 4605 ruffina]
713 4483 756 4533 Sic
767 4482 831 4533 alies
842 4486 927 4532 reatus
937 4483 1026 4532 talium
1036 4482 1191 4545 cssbgetun
1209 4481 1306 4533 Concil.
1317 4483 1380 4533 edit.
1391 4483 1452 4546 lieg.

418 4589 426 4605 .
438 4569 474 4604 n
521 4590 529 4608 .
539 4570 566 4618 p.
627 4588 635 4605 .
