3334 5734
299 1303 653 1388 MATTHAEI
695 1302 1159 1387 PARISIENSIS

411 1581 774 1668 LECTIONES
811 1586 1045 1668 VARIAE.

584 1839 875 1855 ᾑ-

198 2027 339 2094 Weodoo.
492 2021 675 2087 Marcum
701 2020 935 2085 Pasrsrrssis
959 2020 1166 2088 Paonoeus.

216 2138 286 2194 *0²¹⁰-
301 2127 326 2191 ὖ·
423 2145 478 2209 De
490 2143 773 2226 chronographia,
788 2142 824 2207 id
846 2151 900 2208 est
921 2152 1110 2229 temporum
1129 2145 1278 2229 descrip—

200 2249 239 2314 Ρ·
256 2229 329 2292 513·
387 2245 491 2321 tione,
500 2243 646 2307 locuturi
660 2243 768 2327 primo
780 2241 916 2326 quidem
927 2242 1214 2310 detrectatoribus
1225 2246 1277 2310 in·

220 2326 243 2391 l·
258 2328 311 2392 ¹⁶·
390 2343 490 2420 vidis,
501 2351 537 2408 et
547 2348 700 2407 nostrum
711 2342 862 2406 laborem
872 2341 1116 2425 deputantibus
1127 2345 1276 2422 inanem,

391 2442 688 2526 respondebimus3
717 2439 841 2505 deinde
861 2442 1035 2507 benevolis
1049 2450 1085 2507 et
1102 2442 1137 2506 id
1153 2462 1277 2526 expee

393 2542 557 2619 tentibus,
579 2540 648 2604 imo
672 2538 980 2623 depostulantibus,
1003 2561 1114 2605 rerum
1138 2560 1278 2606 causam

392 2641 552 2725 praesenti
590 2638 742 2722 Prologo
779 2638 1020 2718 describemus,
1056 2659 1097 2705 ac
1129 2641 1278 2706 breviter

394 2739 596 2823 aperiemus.
639 2737 818 2802 Delatores
832 2739 922 2802 enim
937 2739 1068 2816 dicunt,
1085 2738 1202 2818 ‘Quid
1218 2759 1278 2805 ne·

395 2858 490 2903 cesse
512 2845 566 2902 est
581 2836 672 2903 vitas
689 2836 745 2901 vel
766 2844 893 2902 mortes
918 2836 1092 2902 hominnm
1111 2839 1280 2903 diversos-

395 2956 462 3022 que
483 2937 600 3001 mundi
615 2953 715 3000 casus
733 2936 842 3001 literis
857 2936 1104 3014 commendare,
1125 2938 1282 3020 prodigia

396 3056 509 3101 rerum
543 3036 756 3099 diversarum
788 3034 926 3116 seriptis
962 3035 1128 3117 impressa
1161 3055 1281 3119 perpe·

397 3133 544 3199 tuarei'
604 3130 777 3196 Noverint
800 3129 883 3215 quid
913 3132 1006 3197 dicat
1035 3132 1277 3218 philosophus3

397 3223 559 3295 ‘Omnis¹
583 3228 751 3313 siquidem
773 3229 873 3293 homo
892 3231 1093 3297 naturaliter
1112 3234 1199 3298 scire
1220 3233 1280 3298 de·

399 3329 528 3395 sitierat
539 3329 561 3409 3'
586 3336 634 3406 et,
649 3333 659 3363 ‘
673 3326 789 3392 Homo
808 3328 882 3392 sine
902 3328 1021 3407 literis,
1041 3337 1076 3395 et
1091 3333 1281 3413 praeterito·

401 3449 475 3493 rum
497 3427 756 3504 reminiscentia,
777 3428 812 3491 in
834 3427 1010 3493 bestialem
1027 3428 1190 3496 dilabitur
1207 3439 1279 3496 sto-

400 3527 579 3603 liditatem,
599 3534 635 3591 et
651 3526 726 3611 ejus
741 3527 814 3591 vita
837 3525 907 3590 vivi
928 3525 1074 3591 hominis
1091 3530 1281 3613 reputanda

401 3635 454 3693 est
474 3626 662 3709 sepultura.
714 3624 810 3690 Etsi
837 3630 874 3689 tu
895 3632 1105 3690 mortuorum
1126 3630 1282 3713 antiqno-

402 3745 477 3790 rum
508 3733 544 3790 et
575 3724 825 3807 praeteritorum
861 3725 1107 3789 contemnendo
1144 3728 1283 3793 oblivis-

401 3824 502 3901 ceris,
532 3823 609 3906 quis
638 3822 689 3887 tui
716 3822 987 3888 reminiscatur?
1036 3823 1126 3890 Herc
1145 3833 1199 3891 est
1218 3828 1283 3891 im·

403 3922 555 4007 precatio
594 3920 781 4004 psalmistae
815 3920 972 4001 dicentis,
999 3923 1212 4006 ‘Dispereat
1240 3924 1283 3990 de

401 4031 494 4088 terra
518 4020 682 4085 memoria
702 4019 816 4084 illius!
870 4020 917 4084 Et
942 4020 1095 4105 ejusdem
1119 4022 1284 4106 adoptiva

305 4169 307 4172 ψ
404 4119 607 4196 benedictio,
631 4126 640 4153 ⁴
660 4118 704 4183 In
731 4118 893 4185 memoria
918 4127 1049 4185 aeterna
1069 4121 1136 4186 erit
1154 4122 1282 4206 justus,

406 4227 442 4285 ct
471 4238 549 4283 cum
577 4216 811 4283 bencdictione
841 4217 963 4283 evehat
993 4238 1116 4283 nomen
1142 4219 1219 4304 ejus
1246 4221 1284 4287 in

407 4325 592 4396 aeternnm
613 4317 762 4401 injustus
778 4324 891 4382 autem
906 4337 982 4383 cum
999 4317 1235 4384 maledictione
1249 4331 1285 4388 et

449 4506 458 4540 ¹
469 4508 575 4572 Onam]
593 4507 698 4588 aristot.
710 4506 866 4571 Metaphys„
875 4506 920 4561 lib.
932 4509 951 4558 i.
963 4522 1019 4573 cap.
1033 4513 1056 4560 1.

1126 4603 1145 4648 B
