3334 5734
299 754 365 820 316
665 768 862 819 nsonrosns
884 768 1014 818 vasis.

351 960 398 1031 et,
429 952 522 1019 iacta
552 950 814 1028 examinatione,
846 949 1051 1015 auctoritate
1084 947 1274 1033 apostolica
1303 966 1384 1013 cou-

351 1053 496 1117 firmata.
543 1050 790 1128 Veruntamen,
811 1050 895 1132 quia
919 1049 962 1113 de
990 1066 1137 1132 persona
1160 1043 1260 1113 electi
1283 1065 1383 1131 papae

350 1171 419 1216 uon
449 1151 640 1226 constabat,
671 1149 765 1214 dedit
791 1167 943 1213 summus
970 1147 1125 1231 pontifex
1153 1147 1190 1210 in
1215 1146 1384 1211 mandatis

350 1250 479 1315 Ellensi
516 1257 553 1315 et
583 1247 790 1313 londinensi
823 1246 1004 1331 episcopis,
1034 1257 1083 1326 ut,
1120 1246 1186 1310 rite
1216 1245 1309 1310 facta
1339 1264 1384 1309 ex

349 1367 497 1433 persona
510 1348 609 1412 electi
623 1346 887 1424 examinatione,
903 1344 1047 1411 eundem
1070 1348 1108 1411 in
1127 1345 1294 1410 abbatem
1304 1364 1384 1409 con·

349 1449 521 1512 firmatum
538 1445 787 1524 benedicerent,
808 1445 909 1528 plene
930 1446 966 1509 in
986 1464 1117 1510 omnem
1137 1454 1209 1508 tam
1225 1444 1384 1527 spiritua-

351 1547 435 1611 lium
456 1565 561 1630 qnam
588 1544 825 1629 temporalium
853 1544 1179 1608 administrationem
1201 1544 1384 1608 instituen-

351 1654 415 1712 tes.
466 1645 553 1710 Post
574 1644 649 1709 baec
671 1651 785 1709 antem
805 1643 895 1708 idem
922 1643 1063 1723 electus,
1092 1643 1185 1707 facta
1205 1642 1382 1706 examina·

351 1746 443 1811 tione
460 1746 496 1809 iu
508 1745 657 1809 erastino
670 1742 864 1808 nativitatis
880 1743 989 1807 beatae
1006 1742 1140 1819 Mariae,
1156 1742 1192 1805 in
1203 1740 1385 1807 Dominica

351 1844 406 1909 die
431 1862 453 1908 a
474 1844 625 1925 Rogero,
648 1842 855 1907 londinensi
875 1842 1047 1925 episcopo,
1064 1842 1146 1925 quia
1161 1842 1262 1905 ambo
1279 1859 1384 1922 nego·

353 1945 438 2009 tium
454 1943 596 2026 exsequi
618 1961 687 2006 non
710 1948 869 2025 poterant
889 1943 994 2025 juxta
1010 1940 1207 2005 mandatum
1223 1938 1384 2023 apostoli·

353 2062 442 2120 cum,
470 2041 739 2107 benedictionem
767 2040 901 2104 abbatis
927 2039 1087 2123 suscepit.
1139 2038 1242 2121 Legit
1269 2045 1384 2102 antem

353 2141 482 2206 electus
497 2141 615 2206 literas
637 2140 772 2204 clausas
797 2147 834 2205 et
853 2138 1003 2204 bullatas
1020 2145 1101 2203 ante
1122 2138 1231 2202 altare
1245 2138 1385 2202 indutus

316 2275 319 2282 ·
353 2240 549 2317 solenniter,
572 2240 695 2323 quibus
714 2248 818 2302 antea
833 2238 1025 2303 consimiles
1050 2257 1119 2303 uon
1135 2236 1294 2313 vidimus,
1320 2237 1385 2301 sci·

352 2339 444 2416 licet,
461 2340 504 2402 de
524 2339 732 2422 proiectione
755 2344 790 2401 et
806 2336 985 2401 visitandis
1009 2336 1240 2419 apostolorum
1260 2335 1386 2399 limini·

350 2438 415 2502 bns
422 2437 465 2500 de
482 2437 627 2501 triennio
643 2437 679 2499 iu
694 2436 896 2516 triennium
919 2436 1011 2518 quod
1021 2436 1174 2518 graviter
1181 2434 1384 2518 accepimns.

243 2519 254 2535 ‘
351 2535 419 2602 sen
435 2534 509 2600 naec
525 2542 646 2618 postea
661 2533 806 2618 prona.
1523 2529 1525 2531 ·

310 2674 368 2713 ΡΑΘ.
391 2674 444 2713 un.

300 2738 374 2816 326,
391 2737 641 2825 imbuerentur
693 2734 920 2803 traderentur.

301 2858 375 2939 327,
416 2864 446 2939 5,
461 2860 620 2927 adiceret
693 2857 881 2922 ordinando
891 2856 1042 2941 juvaret.
1079 2856 1188 2923 Novit
1200 2856 1291 2923 enim
1306 2875 1383 2923 eum

523 2958 644 3026 wedam
713 2975 865 3022 summus
877 2955 1033 3039 pontifex
1043 2956 1188 3039 mcunia
1198 2955 1382 3035 abundare,

451 3059 533 3141 fidoi
547 3080 630 3144 pra·
713 3063 760 3134 et,
785 3055 816 3119 si
846 3075 914 3119 non
943 3056 1143 3133 abundaret,
1170 3055 1383 3121 ministrante

459 3157 567 3224 dicare
713 3155 913 3238 episcopatu
953 3154 1183 3219 wintoniensi
1232 3155 1385 3220 abunda·

713 3261 841 3332 turum,
876 3259 913 3317 et
949 3253 1071 3319 maluit
1105 3271 1184 3318 eum
1212 3253 1383 3318 effundere

714 3353 913 3418 thesaurum
937 3369 1037 3417 snum
1060 3352 1096 3416 in
1122 3370 1186 3417 sno
1208 3353 1382 3437 obsequio,

714 3471 818 3536 quam
838 3451 961 3516 alieno.
1005 3450 1178 3517 Praeterea
1201 3452 1291 3516 idem
1313 3453 1385 3536 epi-

714 3570 839 3635 seopus
864 3551 994 3615 eratin
1021 3550 1185 3634 obsequio
1208 3551 1299 3634 regis
1322 3551 1385 3616 Ri-

714 3650 831 3715 chardi
859 3648 1035 3715 bellatoris
1059 3649 1233 3732 magnifici
1263 3649 1382 3714 diebus

715 3749 954 3815 adolescentiae
974 3767 1058 3826 snae,
1077 3749 1136 3813 ubi
1159 3748 1238 3832 plus
1263 3748 1382 3813 didicit

714 3848 751 3913 in
767 3848 857 3913 bello
873 3847 1046 3926 dimicare,
1060 3854 1097 3912 et
1106 3856 1220 3913 castra
1236 3847 1381 3912 militum

713 3947 883 4025 ordinare,
915 3965 1018 4030 qnam
1054 3947 1223 4031 evangelii
1254 3947 1384 4014 semina

714 4045 931 4131 praedicando
948 4045 1125 4111 seminare.

299 4179 372 4257 328,
390 4179 443 4253 30,
459 4173 531 4240 edet
691 4170 759 4235 Dei
775 4177 810 4235 et
823 4167 914 4234 fidei.

299 4305 373 4381 330,
391 4304 445 4379 35,
460 4297 561 4364 nune
689 4292 781 4358 addai
796 4291 921 4369 Paris,
946 4298 981 4355 et
1004 4290 1194 4356 animarum
1220 4291 1381 4356 oberran-

712 4392 798 4457 tium
813 4391 1104 4456 lucrificationem.

297 4565 347 4579 -
390 4481 601 4609 arbaston
689 4516 781 4584 aar
797 4515 922 4595 rans,
938 4523 1058 4600 utpote
1072 4515 1236 4599 mneos
1251 4512 1381 4581 sonn-
