3334 5734
563 770 762 827 nsorronss
785 770 916 821 vrarm
1219 755 1285 822 2⁰7

239 954 306 1020 etsi
319 972 436 1019 omnes
450 952 619 1032 deessent,
637 960 687 1031 tu,
698 953 757 1036 qui
773 961 918 1037 patruus
937 952 1013 1038 ejus
1029 972 1079 1030 es,
1094 972 1164 1019 non
1179 952 1283 1019 debes

241 1055 273 1119 ei
290 1053 419 1131 deesse,
443 1053 549 1120 immo
572 1054 604 1117 ei
625 1053 714 1118 alter
734 1060 833 1137 peter
852 1072 949 1134 esse;
974 1052 1058 1136 quid
1077 1052 1226 1134 degener
1247 1059 1282 1118 et

242 1153 359 1237 inique
376 1153 661 1236 telialoqueris't’
688 1161 725 1219 et
750 1152 935 1235 respiciens
959 1171 1037 1217 eum
1056 1158 1155 1217 torvo
1180 1152 1281 1218 oculo

243 1260 281 1317 et
306 1254 341 1318 in
358 1272 477 1318 vocem
496 1252 719 1319 crudeliorem
742 1271 922 1334 erumpens
946 1251 1008 1328 ait,
1027 1250 1105 1316 ‘Ne
1129 1252 1284 1335 loquaris

244 1352 392 1435 amplius
420 1353 556 1417 unicum
576 1353 726 1427 verbum,
754 1352 846 1435 quia,
873 1371 935 1435 por
963 1351 1117 1417 lanceam
1148 1350 1226 1428 Dei,
1255 1350 1286 1414 si

245 1451 393 1535 amplius
412 1470 451 1516 os
476 1451 519 1516 ed
542 1451 748 1534 loquendum
763 1451 910 1534 aperies,
922 1470 986 1517 vos
1001 1470 1119 1517 omues
1131 1451 1287 1534 pluribus

245 1550 387 1635 spiculis
403 1549 668 1634 perforabimini,
681 1570 743 1615 nec
761 1569 899 1635 parcam
914 1550 1011 1616 fratri
1027 1549 1126 1616 meo.’
1162 1549 1286 1619 comes

246 1651 353 1732 igitur
372 1651 480 1735 etqui
503 1668 579 1715 cum
602 1669 643 1715 eo
661 1661 760 1715 crant
776 1650 932 1714 videntes
956 1669 1073 1715 corum
1091 1657 1236 1715 mortem
1250 1649 1288 1715 in
1366 1652 1369 1659 ’

246 1751 317 1815 ictu
332 1749 423 1814 oculi
440 1750 626 1827 imminere,
643 1750 725 1832 quia
747 1750 917 1814 balistarii
938 1748 1088 1833 prompti
1105 1757 1204 1814 erant
1219 1756 1287 1813 tre·

247 1848 341 1927 here,
365 1849 482 1913 statim
504 1856 730 1926 recesserunt,
755 1849 828 1912 laeti
851 1848 942 1935 quod
961 1848 1034 1913 vivi
1056 1856 1092 1913 et
1111 1848 1286 1917 indemnes

249 1955 474 2013 recesserunt.
526 1946 629 2027 Quod
659 1967 736 2014 cum
770 1947 922 2013 audisset
953 1947 1157 2013 Lodowicus
1189 1948 1288 2013 vehe-

248 2056 392 2125 menter,
418 2047 499 2112 licet
523 2046 642 2115 dolens
666 2056 700 2112 et
727 2049 849 2127 iratus,
877 2047 1105 2113 constantiam
1137 2047 1287 2114 Huberti

249 2146 481 2213 collaudavit!

210 2296 269 2335 PAO·
303 2296 355 2335 m·

198 2372 274 2454 379,
315 2377 344 2453 l,
359 2374 504 2460 imponet
595 2372 686 2437 addit
697 2371 820 2450 Paris,
835 2371 1083 2456 'rhomumque
1102 2371 1212 2456 quiin
1227 2370 1288 2435 illo

618 2472 683 2537 snit
710 2472 919 2537 castellanus
944 2471 986 2536 de
1014 2472 1144 2554 Burgo,
1172 2471 1286 2536 idest

617 2571 757 2637 fratrem
771 2571 933 2654 Hugonis
949 2571 992 2635 de
1006 2572 1135 2654 Burgo,
1154 2570 1288 2654 fugien-

618 2679 686 2737 tem
708 2670 974 2755 comprehendit.

199 2797 276 2872 380,
316 2796 537 2873 andoeno
597 2795 800 2861 Lodowicus
816 2794 1041 2877 reprehensus
1058 2802 1193 2878 epatre
1212 2804 1288 2861 tan-

618 2914 720 2979 quam
738 2895 874 2959 nescius
891 2913 1037 2976 guerrae,
1057 2912 1098 2957 eo
1122 2895 1213 2975 quod
1235 2916 1288 2961 re·

617 2994 699 3059 licto
714 3001 828 3059 castro
846 2992 982 3058 Dovere
998 2993 1269 3076 progrederetur.

199 3161 251 3172 —
294 3122 346 3197 10,
361 3129 500 3186 desecas
596 3125 756 3183 strenuus
772 3125 808 3182 et
824 3117 942 3181 fidelis.

201 3244 278 3318 381,
317 3246 348 3321 8,
364 3244 477 3329 qui...
492 3265 547 3330 ap
598 3242 782 3307 Instabant
807 3249 921 3306 autem
951 3241 1087 3320 Franci,
1124 3242 1184 3324 qui
1216 3261 1288 3308 ma·

360 3343 492 3431 plicatis
618 3342 737 3407 chiuas
755 3341 798 3406 ad
815 3349 967 3407 castrum
983 3342 1205 3426 applicantes.

199 3498 254 3514 —
297 3463 350 3544 17,
366 3469 468 3532 messis
597 3468 698 3533 unius
712 3467 851 3532 mensis.

201 3590 278 3667 382,
316 3593 347 3668 5,
361 3588 500 3677 eoiccp
598 3590 893 3674 circumstipando.

366 3690 446 3756 tanc

598 3811 774 3876 cerebrato
786 3811 860 3895 jam
878 3811 1000 3894 capite.

599 4052 663 4097 rex
678 4039 714 4097 et
729 4032 784 4097 sui
798 4040 988 4116 magnetes.

600 4164 694 4245 quot.

599 4281 707 4365 igitur
718 4300 848 4347 eorum.

342 4458 353 4488 s
460 4410 499 4426 '⁸
600 4406 773 4472 contrivit.
818 4402 969 4471 Veniens
987 4410 1101 4469 antem
1122 4422 1184 4489 per
1204 4402 1292 4471 Bur-

622 4526 704 4589 gum
732 4513 768 4571 et
788 4503 1020 4571 croilandiam
1049 4503 1159 4586 ipsam
1184 4504 1291 4568 eccle-
