3334 5734
539 786 540 789 ¹
591 792 788 841 LBGTIONES
810 792 942 842 VARIAE.

221 911 278 950 ΡΑΘ.
314 913 366 951 uu.

220 975 272 1051 43,
313 977 363 1053 16,
385 976 567 1061 transfreta
615 978 762 1063 trajecit.

383 1076 429 1140 cit

219 1234 271 1248 —
315 1194 366 1276 17,
374 1198 566 1283 juram.
614 1199 674 1283 qui
713 1209 934 1286 utrorumque
970 1202 1105 1267 nomine
1145 1203 1306 1287 utrinqne

375 1296 443 1364 lieu
456 1320 568 1386 qaoque
630 1298 845 1382 juraverant,
884 1302 1020 1385 culpam
1058 1322 1190 1366 omnem
1231 1303 1305 1386 regi

636 1400 875 1483 ascripserunt.
927 1400 1007 1467 Rex
1023 1420 1117 1467 vero.

217 1554 268 1569 —
312 1520 364 1595 24,
380 1541 551 1606 conmacu-
611 1520 699 1586 dam.

382 1627 429 1683 ter

218 1775 269 1792 —
311 1776 355 1789 -
372 1744 554 1808 mmmmm
612 1739 781 1803 conscribi
811 1740 1009 1823 procuravit
1041 1742 1163 1824 viginti
1196 1742 1303 1807 millia

380 1842 565 1928 ...Auale-
633 1837 989 1923 pedituminAnglia.

382 1960 452 2004 ram

216 2096 267 2112 -
311 2061 515 2147 ibericum
612 2059 789 2126 hiantem.
923 2144 924 2147 Ἴ

215 2222 266 2237 -
309 2186 564 2262 33,17’να4σω·ιιηι
609 2182 703 2248 addit
719 2183 843 2264 Paris,
859 2205 936 2251 cum
951 2188 1024 2252 snis
1039 2189 1159 2274 copiis.

214 2344 266 2357 -
309 2309 361 2385 34,
374 2317 403 2373 et
416 2356 424 2373 .
439 2356 447 2373 .
462 2358 471 2375 .
486 2319 564 2376 totas
608 2305 723 2371 &wat

215 2431 268 2507 44,
327 2434 360 2507 4,
376 2434 522 2518 saptiam
610 2431 800 2495 exactione.

215 2590 266 2605 -
332 2557 364 2630 8,
385 2555 564 2639 infirmatur
612 2560 789 2638 correptus
816 2574 862 2620 ex
887 2575 957 2639 qua
978 2556 1103 2621 ibidem
1130 2557 1220 2623 lecto
1245 2558 1301 2624 de·

379 2702 413 2769 ⁰.
424 2702 432 2719 .
442 2656 561 2742 aquito
632 2654 795 2719 cumbens
811 2661 848 2720 et
863 2654 1091 2722 invalescente
1106 2658 1235 2722 morbo.

376 2753 448 2818 deoc

215 2911 266 2927 -
310 2875 362 2952 12,
373 2875 561 2944 Romarm
608 2877 725 2943 dorm.

375 2974 505 3041 viduato

214 3131 265 3146 -
310 3097 360 3173 18,
376 3095 484 3182 quibua
512 3098 563 3163 iu·
608 3096 808 3181 intorques.

378 3203 491 3260 iororai

215 3351 265 3368 -
311 3320 362 3397 19,
377 3319 555 3385 Aaronom
611 3327 697 3398 erat,
713 3337 816 3402 aquo
829 3315 1026 3396 Anselmns,
1044 3317 1302 3385 Gantuariensis

365 3420 563 3485 ..aotbtitom
632 3419 772 3497 electus,
788 3426 1007 3484 consecratus
1022 3427 1075 3483 est
1091 3419 1246 3484 antistes.

214 3577 266 3591 —
310 3542 361 3619 26,
374 3545 561 3628 aonraesro-
609 3542 715 3607 vobis.

372 3643 513 3707 amicte·

214 3799 265 3815 -
308 3762 361 3838 27,
378 3768 520 3851 torpuit
610 3766 771 3849 temporis
785 3765 951 3849 elapsum.

215 3925 266 3939 -
309 3889 360 3965 29,
376 3888 418 3953 sit
516 3891 560 3956 ci·
609 3897 747 3975 pastore
761 3889 919 3955 caruerit.

375 3985 473 4052 bato

214 4110 268 4184 45,
328 4110 358 4186 4,
377 4110 465 4189 Quod
481 4158 487 4174 ,
505 4161 513 4177 .
529 4160 559 4176 ..
611 4107 745 4188 Quibus
764 4108 877 4174 verbis
898 4126 992 4171 sanae
1013 4106 1137 4170 rationi
1159 4124 1301 4170 consen-

376 4218 491 4275 matoto
632 4210 696 4272 tiro
712 4208 895 4291 perceptis,
910 4208 1101 4271 immutate.

212 4371 263 4385 -
326 4337 359 4410 8,
377 4334 490 4419 quievit
609 4332 765 4397 cessavit.

212 4494 263 4509 -
327 4459 357 4536 9,
380 4456 443 4522 Ubi
608 4456 695 4521 dem.

214 4616 265 4627 -
309 4585 360 4661 10,
377 4590 473 4648 mro
542 4644 546 4652 ,
610 4579 729 4644 codex.
