3334 5734
567 769 767 821 memorans
789 770 923 820 varin.
1245 750 1287 818 sl

196 952 335 1018 homine
354 952 546 1031 moriretur,
569 972 633 1037 pro
650 952 787 1020 homine
809 953 948 1038 captivo
973 953 1138 1018 tributum
1166 955 1286 1020 mortis

196 1060 362 1137 tanquam
378 1053 481 1118 homo
497 1053 702 1130 exsolveret,
718 1072 864 1136 eumque
877 1059 1041 1137 tanquam
1059 1053 1156 1119 Deus
1168 1054 1287 1119 caeles·

196 1153 244 1217 tis
256 1159 427 1235 potestate
440 1152 631 1219 redimeret.
673 1152 791 1238 Hujus
807 1152 992 1218 adventum
1008 1152 1286 1219 desideraverant

194 1252 413 1336 patriarchae,
435 1252 672 1334 praedixerunt
694 1252 882 1336 prophetae,
907 1260 1012 1336 atque
1037 1253 1130 1318 illius
1150 1252 1287 1318 dilatio-

194 1369 274 1415 nem
307 1351 526 1434 impatienter
557 1352 763 1417 sustinentes
792 1352 932 1436 querela
963 1352 1163 1419 continuata
1193 1351 1286 1417 dice·

193 1449 292 1528 bant,
318 1449 490 1530 ‘Quando
518 1451 655 1518 venietl
688 1450 826 1534 quando
856 1450 1069 1517 videbimusl
1121 1452 1189 1529 Da,
1211 1452 1286 1517 Do·

193 1548 298 1627 mine,
333 1550 522 1615 mercedem
563 1550 810 1616 sustinentibus
854 1558 900 1628 te,
936 1558 978 1616 ut
1017 1551 1193 1636 prophetae
1232 1553 1285 1616 tui

193 1647 311 1714 fideles
344 1649 587 1714 inveniantur.’
644 1649 837 1727 ‘Utinam'
861 1649 945 1715 dicit
970 1649 1105 1728 Esaias,
1133 1650 1284 1715 ‘dirum-

193 1766 293 1831 peres
323 1748 427 1814 crelos
457 1756 494 1814 et
518 1749 675 1815 venires!
725 1749 773 1813 Et
795 1748 922 1826 David,
950 1749 1132 1828 ‘Domina
1159 1750 1285 1815 inclina

187 1845 298 1931 ‘caelos
319 1854 355 1913 et
383 1847 574 1914 descende.'
623 1848 691 1913 Sed
715 1855 751 1913 et
774 1855 863 1914 teste
879 1848 995 1927 Esaia,
1014 1848 1166 1931 ‘Angeli
1188 1851 1283 1932 pacis

193 1965 258 2029 pro
273 1946 437 2013 dilatione
458 1955 587 2013 nostrae
608 1946 731 2013 salutis
754 1967 869 2013 amare
890 1948 1040 2013 flebaua'
1090 1949 1185 2013 Idem
1200 1969 1284 2015 vero

195 2044 319 2111 Esaias
347 2046 391 2112 da
423 2044 552 2112 Christi
585 2047 767 2112 nativitate
798 2047 1012 2112 manifestius
1046 2048 1188 2131 loquens
1220 2048 1281 2122 ait,

194 2145 308 2211 ‘Ecce
337 2147 438 2229 virgo
469 2145 638 2230 concipiet
668 2154 704 2231 et
730 2148 842 2229 pariet
874 2147 1012 2225 Filiam,
1041 2155 1077 2212 et
1105 2147 1286 2213 vocabitur

194 2264 320 2311 nomen
353 2245 429 2330 ejus
460 2243 650 2310 Emannel.'
708 2243 793 2310 Cum
827 2253 942 2311 autem
974 2246 1088 2311 Maria
1107 2248 1151 2311 de
1182 2245 1283 2312 Jesse

193 2344 360 2428 originem
377 2346 532 2421 traxerit,
548 2344 637 2410 idem
658 2344 828 2429 propheta
851 2346 1068 2412 nativitatem
1093 2346 1228 2425 Mariae,
1247 2355 1284 2412 et

193 2463 258 2527 per
286 2444 436 2509 Mariam
464 2442 605 2522 Christi,
630 2450 734 2527 atque
764 2444 1010 2528 plenitudinem
1034 2446 1156 2528 gratiae
1184 2446 1283 2529 spiri·

193 2544 301 2609 tualis
318 2544 354 2608 in
372 2542 510 2608 Christo
531 2542 710 2608 manifeste
730 2543 883 2609 declarat
903 2544 1031 2624 dicens,
1056 2544 1284 2627 ‘Egredietnr

193 2643 296 2725 virga
318 2642 361 2709 de
377 2641 492 2708 radice
508 2641 620 2720 Jesse,
635 2649 670 2707 et
686 2643 749 2707 llos
770 2644 814 2707 de
838 2642 953 2708 radice
969 2643 1044 2729 ejus
1060 2644 1231 2722 ascendet,
1249 2653 1284 2710 et

194 2742 380 2826 requiescit
394 2762 498 2826 super
512 2761 590 2807 eum
611 2743 753 2825 spiritus
771 2743 920 2821 Domini,
943 2744 1083 2826 spiritus
1105 2744 1282 2826 sapientiae

195 2850 231 2908 et
260 2841 468 2919 intellectus,
500 2841 644 2924 spiritus
672 2841 807 2906 consilii
831 2850 868 2907 et
895 2842 1116 2919 fortitudinis,
1143 2843 1285 2925 spiritus

194 2941 348 3007 scientiae
369 2948 405 3006 ct
421 2941 551 3006 timoris
574 2941 726 3018 Domini,
741 2948 777 3005 et
793 2941 937 3024 replevit
953 2961 1031 3006 eum
1045 2941 1166 3025 spiritu
1183 2943 1286 3006 timo-

193 3040 243 3105 ris
271 3040 434 3106 Domini.'
484 3039 598 3105 Natus
625 3047 678 3104 est
704 3040 821 3123 itaque
854 3040 963 3104 Filius
989 3039 1055 3105 Dei
1081 3039 1124 3105 de
1151 3040 1288 3123 virgine

193 3141 406 3223 incorrupta,
429 3139 519 3204 sicut
539 3139 730 3223 plasmatus
750 3146 804 3203 est
828 3140 957 3222 primus
984 3137 1097 3204 Adam
1124 3138 1167 3205 de
1193 3147 1286 3207 terra

194 3240 329 3322 virgine
341 3246 378 3303 et
387 3238 563 3317 inviolata,
577 3237 708 3322 Spiritu
718 3238 847 3303 Sancto
857 3240 893 3303 in
906 3257 948 3304 ea
958 3247 1134 3323 operante,
1143 3248 1284 3304 nostrae·

193 3358 263 3425 qne
284 3324 407 3403 salutis
427 3339 601 3420 negotium
623 3336 838 3402 ineffabiliter
863 3347 1077 3422 procurante.
1126 3337 1285 3422 Abyssus

196 3439 288 3504 enim
309 3437 540 3502 inscrutabilis
555 3443 609 3501 est
625 3437 870 3502 incarnationis
887 3437 1077 3503 Dominicae
1092 3457 1284 3504 sacramen-

194 3545 268 3604 tum
280 3555 291 3616 ;
322 3537 470 3620 plurima
498 3543 612 3601 tamen
642 3535 793 3620 antiquis
823 3538 979 3620 patribus
1009 3538 1216 3616 acciderunt,
1247 3540 1285 3603 in

195 3636 321 3720 quibus
344 3634 447 3721 hujus
469 3635 661 3702 nativitatis
688 3636 798 3719 figura
826 3638 1014 3719 praecessit.
1065 3636 1168 3718 Quod
1193 3639 1284 3703 enim

195 3736 308 3802 vellus
330 3733 504 3800 Gedeonis
529 3755 607 3800 rore
631 3734 759 3800 caelesti
782 3736 988 3820 completum
1011 3743 1077 3815 est,
1099 3757 1176 3803 cum
1205 3756 1286 3802 area

195 3837 463 3918 circumquaque
496 3834 593 3899 arida
621 3842 822 3912 remaneret,
852 3855 929 3901 rore
962 3834 1111 3918 Spiritus
1139 3836 1286 3901 Sanctus

196 3934 399 4018 designatur
420 3933 455 3997 in
470 3934 614 4017 virgine,
638 3952 716 4016 quae
738 3932 782 3999 ad
803 3935 878 4000 haec
900 3939 1040 4020 propter
1059 3935 1285 3999 humilitatem

196 4053 296 4098 suam
328 4033 523 4117 specialiter
554 4041 589 4098 et
618 4032 839 4114 singulariter
863 4053 886 4098 a
915 4033 1065 4097 Domino
1086 4040 1140 4098 est
1166 4032 1287 4109 electa,

196 4133 253 4198 cui
274 4134 455 4216 psalmista
476 4130 662 4197 concordat
682 4131 811 4211 dicens,
824 4131 1033 4198 ‘Descendit
1055 4131 1146 4197 sicut
1171 4131 1290 4215 pluvia

196 4233 235 4297 in
250 4232 383 4296 vellus.'
435 4229 536 4311 Quod
553 4231 669 4314 Moysi
693 4231 784 4313 ignis
809 4233 845 4298 iu
867 4235 953 4298 rubo
974 4232 1147 4316 apparuit,
1164 4237 1200 4296 et
1219 4250 1288 4296 non

197 4332 373 4397 est-rubus
389 4330 471 4413 igne
488 4337 679 4413 corruptus,
697 4332 904 4414 virginitatis
925 4332 1105 4414 integritas
1120 4331 1156 4396 in
1175 4329 1291 4394 Maria

197 4431 462 4496 demonstratur.
504 4428 619 4509 Quod,
640 4430 748 4512 virgis
771 4430 916 4497 aliarum
941 4432 1091 4495 tribuum
1114 4448 1290 4496 remanen-

199 4533 293 4599 tibus
318 4531 432 4608 siccis,
456 4528 555 4613 virga
577 4528 707 4607 Aaron,
729 4529 772 4594 de
796 4530 897 4616 cnjus
918 4530 1026 4613 stirpe
1042 4531 1140 4613 virgo
1167 4530 1291 4594 beatis

1120 4646 1143 4691 c
