3334 5734
382 758 448 825 242
747 774 948 824 nncrrorrns
970 773 1101 825 viarm.

387 964 509 1040 gerent
539 956 784 1041 corripientes;
818 976 882 1021 nec
911 954 1140 1022 consessiones
1170 953 1326 1039 alicujus,
1355 955 1390 1019 si
1418 973 1479 1019 eas

390 1056 507 1121 audire
531 1056 779 1139 contingerent,
803 1074 943 1138 quoquo
967 1055 1068 1119 modo
1092 1054 1301 1137 detegerent,
1322 1053 1407 1118 licet
1432 1053 1478 1118 ad

391 1161 522 1221 remota
538 1155 820 1238 transmigrantes
834 1155 923 1233 loca,
944 1174 987 1219 ne
1003 1154 1201 1220 scandalum
1225 1154 1328 1219 alicui
1342 1154 1481 1218 oriatur

393 1254 447 1319 vel
472 1254 564 1319 fama
587 1254 804 1337 denigretur3
829 1273 892 1319 nec
919 1273 990 1338 pax
1013 1252 1177 1332 ecclesiae,
1197 1273 1276 1338 quae
1300 1273 1322 1318 a
1345 1254 1482 1317 sanctis

393 1354 558 1437 apostolis
585 1361 620 1420 et
646 1353 779 1436 magnis
805 1372 847 1418 ac
870 1354 998 1419 sanctis
1027 1353 1182 1437 patribus
1210 1372 1252 1417 ac
1278 1352 1482 1417 doctoribus

393 1453 518 1518 nostris
542 1472 646 1538 supra
671 1452 803 1517 firmam
830 1460 964 1537 petram
988 1451 1142 1517 stabilita
1163 1458 1217 1516 est
1242 1459 1277 1517 et
1305 1451 1482 1526 ordinata,

394 1552 450 1617 vel
466 1552 502 1615 in
518 1552 761 1637 temporalibus
778 1550 952 1637 Jacturam
967 1551 1130 1629 incurrat,
1144 1551 1200 1615 vel
1223 1551 1485 1633 quomodolibet

395 1652 622 1735 perturbetur.
672 1650 823 1717 Peccata
837 1657 952 1717 autem
968 1659 1068 1716 caute
1080 1651 1266 1735 inquirant,
1281 1670 1324 1715 ne
1339 1650 1485 1733 ignotas

396 1758 432 1816 et
460 1751 644 1829 inauditas,
673 1751 733 1834 qui
763 1751 935 1834 simplices
967 1756 1060 1829 sunt,
1086 1749 1220 1815 discant
1247 1749 1484 1815 enormitates

398 1849 542 1915 Nullum
560 1850 597 1915 in
615 1851 777 1933 abyssum
794 1851 980 1916 terroribus
1000 1856 1061 1915 aut
1075 1848 1174 1914 minis
1194 1850 1342 1933 satyrice
1359 1849 1483 1933 objur-

398 1956 521 2032 gantes
543 1949 755 2034 demergant,
776 1949 836 2014 sed
857 1950 974 2034 potius
996 1949 1031 2013 in
1047 1967 1144 2032 spem
1166 1949 1301 2031 erigant
1314 1948 1483 2031 spiritua·

398 2048 476 2113 lem.
528 2048 667 2115 Fratres
683 2067 800 2115 omnes
814 2038 978 2126 Minores,
992 2048 1034 2112 de
1055 2067 1093 2112 se
1113 2048 1197 2131 ipsis
1212 2055 1384 2132 postremo
1402 2048 1484 2111 aliis

399 2148 558 2233 exempla
590 2149 791 2214 humilitatis
820 2148 1063 2233 relinquentes,
1095 2148 1188 2213 viros
1222 2147 1364 2212 alterins
1399 2146 1484 2211 reli-

400 2248 524 2330 gionis,
548 2248 701 2332 regulam
726 2247 782 2313 vel
806 2254 951 2325 statuta,
973 2245 1039 2312 sibi
1067 2246 1124 2312 vel
1146 2246 1218 2311 suis
1243 2246 1383 2313 statutis
1411 2266 1486 2311 non

400 2355 620 2431 postponant.
671 2345 774 2412 Omni
800 2347 1030 2425 extremitate,
1051 2346 1197 2423 vilitate,
1223 2354 1260 2410 et
1279 2355 1486 2430 paupertate

400 2465 463 2529 pro
486 2445 625 2511 Christo
643 2447 808 2523 contenti,
831 2467 901 2513 non
922 2445 1142 2523 extollantur,
1169 2452 1208 2509 ut
1224 2445 1381 2511 meliores
1402 2445 1484 2509 eliis

400 2544 605 2626 videantur3
627 2565 690 2610 nec
711 2545 757 2610 ad
777 2545 958 2630 privilegia
977 2545 1032 2610 vel
1054 2544 1251 2628 dignitates,
1267 2543 1304 2609 in
1324 2544 1488 2628 praejudi-

401 2643 491 2708 cium
520 2644 577 2709 vel
608 2643 848 2710 detrimentum
877 2646 1079 2730 aliquorum,
1110 2644 1286 2727 aspirent3
1320 2662 1383 2708 nec
1409 2644 1487 2708 sine

402 2741 584 2809 favorabili
612 2762 756 2809 assensu
784 2744 841 2809 vel
871 2745 1034 2829 petitione
1064 2743 1262 2827 predicent,
1294 2742 1350 2807 vel
1380 2742 1487 2807 alicui

403 2843 594 2922 consulant,
620 2863 696 2909 sese
723 2843 928 2927 ingerentes.
980 2843 1130 2910 Etcum
1156 2842 1272 2908 omnia
1298 2862 1360 2926 pro
1387 2861 1426 2906 se
1452 2850 1488 2906 et

404 2943 476 3007 suis
490 2942 693 3025 sequacibus
710 2942 989 3026 irrefragabiliter
1003 2942 1205 3007 Franciscns
1221 2961 1332 3007 novus
1347 2941 1489 3006 Domini

404 3050 483 3127 tyro
498 3042 700 3120 ordinasset,
713 3042 871 3108 dominus
886 3062 977 3128 papa
991 3042 1144 3125 regulam
1159 3059 1257 3105 suam
1272 3041 1489 3125 approbarit,

405 3143 596 3222 annotavit,
620 3150 656 3208 et
678 3142 903 3220 confirmavit,
924 3150 959 3208 et
971 3141 1213 3207 inviolabiliter
1231 3139 1337 3224 jussit
1351 3140 1397 3204 ab
1411 3140 1489 3223 ipso

405 3248 441 3305 et
455 3241 616 3306 iratribus
630 3241 701 3306 suis
715 3242 751 3306 in
767 3249 968 3326 perpetuum
983 3239 1168 3307 observari.
1220 3238 1358 3322 Regula
1373 3247 1491 3305 autem

406 3339 486 3404 talis
503 3345 575 3422 est3

655 3455 775 3542 Bupalo
789 3463 817 3520 ct
831 3455 897 3521 vito
912 3457 1068 3523 Fratrum
1080 3455 1251 3520 Minorem,

458 3568 595 3651 Regula
621 3577 657 3636 et
682 3570 756 3637 vita
780 3570 940 3636 Fratrum
963 3570 1137 3636 Minornm
1160 3569 1233 3634 haro
1258 3578 1324 3648 est,
1348 3569 1493 3645 scilicet,

409 3668 572 3733 ‘Domini
587 3669 695 3734 nostri
710 3669 734 3734 J
736 3689 797 3735 esu
814 3669 943 3736 Christi
965 3678 1121 3736 sanctum
1144 3670 1359 3752 evangelium
1378 3670 1495 3734 obser-

411 3786 504 3844 vare,
527 3767 673 3834 vivendo
697 3770 733 3832 in
759 3770 964 3849 obedientia,
987 3771 1061 3834 sine
1085 3769 1235 3853 proprio,
1258 3770 1294 3832 in
1319 3769 1489 3834 castitate

413 3867 536 3932 Frater
555 3867 759 3934 Franciscus
779 3869 950 3952 promittit
968 3868 1194 3935 obedientiam
1218 3875 1253 3932 et
1268 3868 1495 3933 reverentiam

411 3967 547 4033 domino
571 3986 671 4053 papae
689 3968 736 4034 N.
754 3987 796 4033 ac
816 3969 1068 4034 successoribus
1091 3967 1166 4052 ejus
1185 3969 1348 4033 canonice
1363 3968 1495 4032 inuan-

411 4067 503 4132 tibus
533 4075 568 4132 et
593 4067 744 4133 eeclesiae
772 4067 951 4134 Romanae.
1002 4068 1049 4132 Et
1074 4067 1134 4131 alii
1160 4066 1283 4131 fratres
1312 4073 1495 4132 teneantur

411 4165 510 4231 fratri
527 4167 711 4233 Franciscc
726 4173 761 4233 et
775 4167 852 4251 ejus
867 4168 1119 4233 successoribus
1135 4166 1282 4231 obedire.

538 4296 816 4400 annrcdosrotrer
829 4315 865 4380 ia
880 4316 959 4381 lunc
972 4315 1109 4381 ordiam
1122 4313 1219 4399 recipi
1233 4311 1367 4379 dalmat.
1487 4382 1490 4386 ,

463 4429 521 4495 ‘Si
546 4431 606 4513 qui
623 4430 794 4498 voluerint
813 4430 902 4496 hanc
915 4432 1021 4498 vitam
1036 4430 1202 4514 accipere,
1224 4437 1260 4493 et
1276 4430 1429 4494 venerint
1450 4427 1498 4492 ad

415 4528 537 4595 iratres
562 4537 711 4609 nostros,
735 4530 874 4596 mittant
899 4550 958 4596 eos
984 4531 1027 4595 ad
1056 4547 1138 4594 suos
1161 4528 1335 4594 ministros
1359 4527 1501 4611 provin·
