3334 5734
390 786 456 852 228
763 797 961 847 moriones
984 797 1116 847 viera.

442 984 534 1050 tham
566 981 776 1070 [waltham]
803 982 840 1046 in
867 981 971 1047 nobili
1000 979 1215 1064 sarcophago
1240 996 1438 1042 marmoreo
1456 984 1493 1040 et

441 1084 613 1168 insculpto
629 1083 777 1149 traditur
793 1079 1198 1164 sepultura-Omitted
1214 1078 1251 1144 in
1266 1078 1300 1142 0.

391 1224 448 1262 PAO.
484 1224 536 1262 UH·

392 1290 444 1365 80,
504 1289 534 1364 2,
550 1285 663 1351 aeirem
788 1283 877 1348 deest.

391 1451 443 1464 -
508 1412 538 1487 3,
550 1410 652 1494 nsojor
785 1408 878 1473 addit
895 1407 1020 1486 Paria,
1038 1408 1222 1473 luctamine
1235 1405 1468 1471 decertarent.

392 1575 443 1587 -
488 1536 539 1610 l2,
552 1532 742 1597 {amirato
786 1539 891 1611 esset,
908 1540 1109 1616 reportaret.

392 1700 443 1711 -
488 1659 539 1735 ra,
554 1640 703 1743 evaporet
787 1655 875 1721 daea

401 1825 443 1837 -
488 1784 540 1858 20,
558 1782 613 1867 qni
788 1778 876 1844 docet.

393 1949 444 1961 -
488 1909 542 1985 21,
556 1902 699 1970 atteiam
789 1903 990 1988 quaerebant
1004 1911 1050 1970 at.

394 2066 446 2082 -
491 2032 544 2106 22,
554 2027 726 2115 proeium
789 2027 1028 2112 prosiliebant.

395 2156 450 2232 81,
490 2151 726 2232 lotorem
790 2150 884 2217 adest
914 2149 1038 2229 Paris,
1065 2152 1164 2235 quasi
1191 2171 1252 2235 pro
1278 2151 1394 2217 edicto
1427 2152 1494 2217 fre·

814 2258 959 2336 quenter
978 2251 1212 2334 proclamante
1239 2252 1312 2317 elta
1333 2260 1372 2317 et
1392 2254 1494 2318 rebo-

813 2358 989 2417 antevoce
1000 2350 1117 2417 eodem
1125 2349 1491 2429 Constantinofrron

814 2452 860 2516 tis
881 2450 1056 2533 gaudium,
1083 2450 1214 2516 Montis
1231 2452 1411 2533 gandium,
1433 2452 1491 2516 ad·

809 2551 910 2635 juret
933 2551 1114 2628 Dominus,
1138 2559 1173 2616 et
1198 2551 1355 2615 dominus
1376 2560 1494 2616 noster

815 2649 1011 2715 Ludovicus
1026 2650 1046 2716 !’
1098 2650 1144 2715 Et
1159 2649 1216 2715 hic
1236 2652 1368 2716 clamor
1383 2652 1494 2716 maxi-

814 2769 870 2814 me
884 2750 1012 2814 amieos
1033 2750 1124 2832 regis
1144 2751 1380 2835 exasperavit,
1395 2760 1431 2816 et
1448 2751 1492 2815 ad

814 2849 1009 2926 vindictam,
1029 2858 1068 2915 nt
1082 2849 1222 2914 interius
1248 2850 1393 2927 dicetur,
1414 2871 1490 2935 pro-

814 2948 962 3014 vocarit.

398 3123 449 3135 -
493 3082 545 3158 13,
561 3089 675 3145 terren
792 3078 922 3141 urbem.

398 3245 450 3258 -
491 3205 544 3281 22,
560 3203 731 3269 warranti·
792 3211 905 3268 ratum
919 3200 1056 3268 habere.

563 3313 708 3368 totamm

398 3463 449 3478 -
492 3426 545 3502 24,
560 3422 706 3490 &baasa
793 3421 887 3488 adest
903 3422 1028 3502 Paria,
1043 3421 1246 3492 confidebat
1265 3425 1355 3489 enim
1380 3424 1417 3488 in
1437 3443 1493 3488 sa·

817 3530 992 3587 eramento
1019 3531 1090 3588 tam
1118 3525 1222 3607 regis,
1252 3543 1356 3608 quam
1382 3523 1494 3589 Ledo·

818 3622 905 3703 vici3
920 3621 1151 3706 scilieetquod
1160 3624 1339 3707 utriusque
1348 3623 1494 3707 imprisii

818 3730 854 3787 et
883 3721 984 3786 amici
1015 3741 1133 3806 pacem
1159 3724 1336 3789 haberent.
1392 3722 1495 3788 Unde

818 3823 1026 3887 sacramenti
1045 3824 1273 3905 transgressio
1293 3830 1418 3908 postea
1434 3823 1495 3887 oe

815 3920 912 4005 jecta
936 3920 1003 3985 fuit
1025 3922 1099 4004 regi
1126 3923 1236 4007 primo
1257 3923 1352 3988 faeta
1370 3924 1415 3987 ab
1440 3941 1494 3999 eo,

820 4021 910 4084 unde
924 4019 1004 4104 jure
1025 4023 1167 4105 negavit
1181 4023 1363 4088 restituere
1380 4021 1495 4086 Ludo·

819 4120 916 4186 vicus
928 4119 1012 4204 jura
1025 4121 1201 4206 postulata
1215 4122 1291 4206 regi
1305 4121 1453 4206 Angliae.

402 4245 456 4320 82,
494 4245 546 4321 23,
561 4244 642 4308 Item
798 4242 853 4309 In.

401 4369 454 4445 83,
491 4368 544 4445 21,
558 4367 738 4455 refrenaret
795 4366 889 4432 adet
916 4366 1040 4445 Paris„
1064 4367 1193 4434 Eodem
1215 4387 1308 4435 anno
1332 4369 1497 4452 magister

820 4466 1016 4550 Stephanus
1040 4468 1083 4534 de
1104 4468 1311 4552 Langetuna
1336 4467 1496 4551 generale

818 4565 1001 4633 concilium
1012 4567 1199 4634 celebravit
1207 4569 1299 4653 apud
1310 4567 1496 4643 oxoniam,
