3334 5734
578 800 776 850 nnorroans
799 801 932 850 vauls.
1230 787 1296 853 119

250 980 406 1144 ἒοΐοοὲο
433 989 545 1048 totum
583 984 748 1049 mundum
778 983 844 1047 sibi
876 983 914 1048 in
944 984 1041 1050 brevi
1070 983 1292 1069 subjugaret3

292 1089 343 1146 Α
391 1129 400 1147 .

197 1236 255 1274 Μ.
291 1237 344 1275 ΠΙ.

197 1314 250 1392 63,
288 1317 341 1394 20,
355 1314 524 1503 wisidssron
592 1317 736 1384 subsidii
753 1318 927 1402 ereptione
942 1318 1147 1383 conferrent.

363 1438 464 1481 ...roa
479 1440 546 1483 erro

194 1577 247 1589 —
291 1534 345 1615 27,
362 1561 519 1628 canapo-
591 1542 683 1607 odds’t
705 1541 829 1621 Paris,
848 1535 997 1607 ¹Eadem
1023 1540 1108 1606 hora
1134 1539 1290 1606 Salaadi·

365 1648 419 1704 tur
613 1661 678 1707 nus
708 1642 807 1726 quasi
837 1641 873 1705 in
904 1641 1068 1707 ultionem
1089 1640 1196 1726 jussit
1221 1641 1287 1705 sibi

613 1741 784 1826 quendam
823 1740 1057 1806 Christianum
1101 1740 1287 1825 captivum,

613 1840 719 1924 longo
748 1859 884 1905 carcere
913 1848 1133 1918 maceratum,
1163 1840 1288 1922 princi·

613 1960 692 2024 pem
707 1940 839 2005 scilicet
850 1940 1020 2023 quondam
1036 1938 1237 2017 Antiochiae,
1252 1939 1289 2004 in

614 2039 797 2124 propatulo
814 2040 1028 2123 praesentari.
1062 2038 1174 2118 Quem
1187 2045 1289 2104 torvo

573 2181 579 2195 ·
615 2139 715 2205 oculo
740 2139 878 2204 intuens
904 2138 954 2203 sic
978 2147 1032 2204 est
1054 2138 1191 2217 affatus,
1209 2137 1287 2205 ‘Sic

614 2244 649 2303 te
661 2239 762 2323 juvet
776 2239 885 2317 Deus,
900 2238 982 2321 quid
998 2257 1118 2321 ageres
1133 2238 1164 2302 si
1180 2257 1235 2302 me
1249 2245 1289 2303 ut

614 2359 679 2421 ego
701 2345 737 2403 te
758 2340 910 2403 vinctum
931 2338 1073 2403 haberes
1081 2338 1109 2403 i'
1149 2336 1287 2402 Etcum

614 2438 789 2521 paulisper
811 2438 1030 2503 subticuisset
1051 2437 1199 2515 vinctm,
1222 2437 1288 2502 ite·

613 2557 689 2602 rum
711 2538 886 2623 adjuravit
908 2537 1005 2602 illum
1027 2536 1231 2601 Salaadinus
1248 2544 1289 2602 ut

613 2637 794 2703 veritatem
824 2656 895 2702 non
930 2635 1137 2702 diffiteretur.
1189 2635 1289 2701 Tunc

613 2738 748 2802 vinctus
774 2737 890 2821 palam
913 2737 948 2801 in
979 2736 1070 2800 hunc
1097 2754 1287 2800 sermonem

612 2838 769 2920 prorupit
779 2837 907 2913 diceus,
919 2842 929 2871 ‘
940 2835 1029 2900 Ecce
1046 2835 1215 2900 sententia
1228 2853 1288 2900 ca·

613 2937 712 3019 pituli
739 2936 919 3019 punireris,
949 2936 1030 3018 quia
1050 2934 1200 2999 Domino
1225 2934 1287 2998 ini-

233 3192 731 3257 ¹Esdesrbors...rlsbitarerit.]liadem
756 3192 1289 3257 samqusmsgotedecapiareaagotpss

193 3262 258 3313 bora
280 3264 447 3313 Salabudinus
466 3264 539 3326 quasi
564 3264 590 3312 in
611 3263 730 3313 ultionem
755 3267 780 3312 te
806 3262 974 3313 decollaremss
1015 3262 1183 3312 Ssluhadlnus
1210 3264 1289 3326 igitur

189 3334 271 3394 jussit
293 3334 342 3383 sibi
363 3333 486 3396 quendam
502 3334 639 3396 captivum,
655 3347 730 3394 quem
754 3332 1237 3394 ipsiusvinctiadmirunsauimositatem
1244 3334 1291 3396 ait,

194 3403 241 3451 diu
271 3403 298 3452 in
319 3404 427 3453 vinmlis
452 3404 585 3453 artissimis
606 3407 730 3464 tenuata,
753 3403 1029 3464 ‘Nanquamtetalem
1045 3401 1189 3452 babituram
1205 3408 1290 3465 potes·

192 3474 333 3535 prinoipem
353 3473 451 3523 scilicet
471 3473 620 3536 quandoque
641 3472 730 3521 Antio·
754 3476 840 3531 tatem,
855 3486 898 3521 ore
913 3476 957 3521 tuo
974 3476 998 3521 te
1014 3470 1111 3535 jadias,
1125 3478 1151 3522 et
1167 3477 1195 3522 tu
1217 3473 1285 3522 idom

194 3542 271 3603 obite,
285 3543 498 3604 sibiprasentari.
532 3543 637 3592 intuens
652 3543 730 3604 igion
753 3542 851 3591 subibis
864 3536 1007 3604 iudicium?
1041 3541 1078 3591 At
1094 3543 1193 3592 rinctus
1208 3543 1290 3604 prosi·

195 3611 280 3673 ipsum
290 3618 360 3662 torvo
374 3618 478 3674 aspectu
493 3613 603 3673 sit,‘Sic
613 3617 638 3662 te
649 3626 729 3673 quan·
753 3612 837 3661 tiendo
847 3611 1052 3674 appropinquans
1062 3612 1087 3660 ei
1098 3617 1124 3661 at
1133 3611 1225 3662 collum
1240 3626 1285 3661 ex·

195 3681 280 3743 doque
299 3681 402 3744 adiuret
421 3688 446 3731 et
464 3683 555 3731 liberet
575 3682 647 3731 Deus
668 3686 729 3731 tuus
752 3682 857 3731 tandem
872 3681 989 3731 ssmnter
1004 3682 1049 3742 ait,
1066 3681 1141 3731 ‘Hoc
1160 3687 1199 3731 est
1217 3682 1285 3743 quod

197 3750 325 3811 Christus,
335 3752 397 3813 quid
407 3751 440 3800 de
450 3766 490 3801 me
501 3751 597 3801 iaccrm
607 3753 629 3801 si
641 3753 677 3801 sic
688 3766 728 3801 me
752 3751 798 3800 diu
808 3750 960 3813 desiderari,
975 3751 1038 3800 nihil
1052 3750 1162 3813 amplius
1176 3755 1290 3813 asporta·

196 3817 447 3871 rinotumhaberest'
483 3822 584 3871 Etcum
597 3821 728 3883 paululum
752 3815 809 3870 bis?
851 3821 885 3869 Et
907 3821 986 3884 jussit
1013 3820 1181 3870 salahadinus
1202 3821 1286 3870 statim

197 3892 487 3952 anomianorum,
502 3893 592 3940 iterum
603 3892 729 3954 udJaravit
753 3890 865 3953 gladium
881 3904 955 3939 suum
972 3891 1021 3940 sibi
1031 3890 1105 3950 tradi,
1116 3894 1143 3938 et
1152 3891 1189 3940 ibi
1199 3889 1287 3939 mem

197 3975 256 4009 eum
264 3960 481 4022 Salabadiuus‚ut
488 3962 616 4010 veritatem
624 3975 672 4010 uon
680 3960 728 4008 dil·
753 3960 814 4009 hora
831 3961 915 4021 ipsum
939 3960 1055 4008 arauibus
1073 3974 1090 4008 s
1106 3964 1178 4022 tergo
1197 3959 1289 4008 riaetis

195 4030 316 4080 iteretur.
350 4032 387 4079 st
396 4030 451 4092 ipsc
462 4030 545 4080 adbuc
556 4044 643 4092 parum
654 4030 729 4079 baesi·
752 4029 895 4079 decollavit.
923 4029 981 4077 Hoc
990 4028 1054 4077 vidit
1064 4029 1183 4089 magister
1194 4027 1289 4077 Rannl·

195 4104 254 4148 tans
262 4098 382 4149 audacter
392 4100 418 4148 in
426 4100 492 4149 bunc
501 4114 636 4150 sermonum
645 4100 728 4162 palam
753 4100 819 4161 phos
830 4100 937 4159 Besace,
947 4099 1069 4160 physicus
1079 4098 1147 4160 regis
1158 4096 1288 4159 Richardi,

194 4170 290 4231 erupit,
300 4170 371 4229 ‘Vis‚
381 4169 541 4231 samsone,
551 4175 580 4219 ut
589 4183 675 4219 verum
682 4169 728 4218 tibi
753 4170 798 4229 qui
809 4172 897 4230 postea
907 4169 987 4218 sancti
999 4168 1076 4217 Pauli
1087 4166 1233 4227 londonia,
1240 4167 1287 4228 qul

195 4238 298 4288 dicam?
334 4238 408 4289 Certe
419 4242 480 4300 quia
491 4240 673 4301 qualiscunque
684 4253 729 4288 rex
753 4243 813 4287 tuno
836 4243 921 4287 custos
943 4237 1011 4300 regis
1032 4238 1142 4299 corporis
1164 4236 1288 4286 exstiterit

195 4323 224 4357 es
239 4310 265 4357 in
280 4308 337 4370 lega
349 4314 394 4357 tua
406 4309 549 4358 detestabili
561 4309 662 4360 Christo
672 4308 729 4357 Deo
754 4308 815 4369 quia
825 4307 966 4369 longaevus,
977 4312 1078 4357 venerat
1090 4307 1156 4356 enim
1167 4306 1228 4355 illuc
1239 4307 1287 4356 sub

193 4378 392 4435 inimicissimus,
415 4385 494 4428 mone
518 4379 639 4442 punieris,
659 4378 729 4427 nullo
754 4383 829 4438 pacta
848 4378 1093 4438 praemandaret
1110 4375 1232 4438 quosdam
1250 4375 1289 4425 in·

191 4448 312 4497 thesemo
328 4449 403 4497 etiam
418 4448 550 4498 Octoriani
560 4447 730 4507 redimendus,
754 4449 837 4496 firmos
844 4447 1047 4508 captivos,etiam
1054 4446 1288 4509 posteaplusquam

193 4518 240 4568 sed
256 4522 358 4580 propter
368 4518 529 4567 reveoentiam
540 4523 608 4568 tuam
619 4518 729 4580 dignita·
754 4515 1288 4581 sexagintaannisrixit‚sedsecus[caecus]

192 4592 243 4637 tam
256 4582 322 4656 [tuas
335 4587 479 4652 dignimtis]
492 4602 541 4637 uon
557 4587 659 4638 misrior
673 4602 729 4649 per·
754 4601 800 4649 per
809 4587 914 4636 multum
924 4587 1059 4649 temporis3
1075 4587 1151 4636 Cart
1160 4586 1194 4637 R.
