3334 5734
809 1266 939 1334 ΤΟΜ.
972 1268 1041 1336 lv.

385 1499 443 1537 m.
483 1497 536 1536 UH·

408 1563 437 1638 1,
497 1563 528 1639 8,
536 1558 752 1625 Wctooicoaic
780 1559 874 1625 cclcc
887 1561 1012 1641 Paris„
1026 1561 1205 1628 locelinus
1223 1564 1473 1636 Bathoniensia

407 1721 435 1736 -
478 1686 532 1762 15,
546 1691 726 1748 coronarent
781 1684 986 1751 exaltarent.

409 1811 440 1886 2,
500 1811 691 1887 laoconen-
783 1810 1015 1877 acclamando.

551 1906 626 1989 dam

410 2069 438 2084 -
501 2029 532 2109 7,
550 2028 689 2117 reliquie
783 2021 876 2087 addit
908 2022 1034 2103 Paris„
1065 2025 1219 2094 dictante
1245 2029 1477 2114 jurameutmn

805 2121 830 2186 J
832 2122 963 2188 ocelino
981 2124 1217 2194 Bathoniensi.

412 2291 440 2306 ..
482 2255 536 2332 20,
553 2252 678 2327 Petne,
787 2245 913 2311 Petrus
944 2246 1193 2315 Wintouiensia
1228 2260 1265 2317 et
1301 2253 1477 2323 lohannes

550 2350 739 2416 Wiotooc‘co·
809 2345 1053 2412 Bathonieusis
1069 2350 1221 2434 episcopi
1238 2353 1353 2436 ipcum
1372 2357 1410 2420 in
1429 2377 1479 2423 re·

552 2449 597 2514 rio
620 2497 628 2515 .
646 2498 654 2515 .
675 2495 682 2512 .
704 2450 741 2514 ic
809 2465 886 2528 gem
901 2457 1070 2529 ungentes
1083 2462 1337 2519 coronaverunt
1359 2456 1481 2521 colem·

550 2549 742 2616 coronalem
810 2546 899 2611 niter
919 2566 997 2611 cum
1020 2550 1164 2614 canticis
1186 2559 1222 2616 et
1240 2553 1481 2621 modulationi·

810 2646 887 2723 bna,
903 2665 981 2729 qnae
998 2647 1035 2711 in
1047 2650 1336 2718 coronationibus.

416 2776 447 2852 3,
485 2775 537 2852 28,
550 2770 660 2837 latitia
788 2766 897 2833 fallax
911 2768 1046 2836 laetitia.

558 2893 673 2959 ’ΜΨ

420 2999 450 3075 5,
489 2993 541 3074 17,
555 3014 734 3059 morcarum
789 3010 982 3056 marcarum
999 2996 1219 3061 numerando.

417 3159 445 3172 -
488 3121 540 3198 18,
554 3120 670 3204 Lasoia
791 3114 944 3180 Ledsort.

419 3281 447 3295 -
490 3245 542 3320 28,
558 3242 685 3307 sollici&
792 3239 943 3317 solliciti,
963 3240 1055 3306 inter
1070 3260 1157 3327 qnos
1174 3251 1250 3310 erat
1263 3247 1406 3330 quidam
1421 3271 1486 3317 ser·

561 3341 600 3406 dc
615 3340 735 3407 coculli
813 3339 910 3404 viens
935 3346 1106 3418 strenuus,
1131 3343 1257 3424 audax,
1281 3355 1317 3412 et
1338 3359 1487 3431 astutus,

815 3437 974 3506 Andreas
989 3439 1125 3524 Dingas
1140 3444 1287 3525 nomine,
1311 3449 1413 3533 cujus
1435 3472 1490 3516 aa·

815 3540 917 3618 tutia,
931 3539 1163 3620 sortiturum
1180 3545 1325 3611 andacia
1341 3559 1490 3632 quanto·

816 3638 911 3704 ciens
931 3639 968 3702 in
988 3641 1248 3724 quamplurimis
1271 3645 1357 3711 locis
1378 3648 1489 3716 fuerat

817 3745 963 3821 experta
984 3758 1007 3803 a
1029 3739 1206 3807 Ludovico
1229 3751 1266 3809 et
1286 3749 1489 3815 commilito-

817 3837 918 3901 nibus
932 3839 1018 3917 suis,
1038 3848 1074 3905 et
1087 3859 1109 3904 a
1124 3847 1199 3906 toto
1215 3846 1373 3911 exercitu
1389 3848 1488 3915 nimio

815 3938 1127 4005 commendabatur.
1169 3941 1341 4009 Exierunt
1354 3949 1489 4014 tuncde

815 4042 941 4105 castro.

424 4198 453 4213 -
494 4161 545 4237 30,
561 4156 708 4224 mmm
793 4157 960 4223 baronum
974 4156 1124 4242 Angliae.

426 4286 458 4362 6,
516 4285 546 4362 6,
551 4283 749 4369 praecultis
793 4283 1017 4364 praemonitis,
1040 4287 1208 4369 compulsi
1224 4299 1307 4355 aunt
1327 4295 1436 4360 redire
1453 4304 1486 4383 et

569 4384 734 4450 ...rodim
818 4400 894 4447 oeae
925 4383 963 4447 in
1000 4387 1140 4470 propria
1176 4407 1241 4453 ana
1273 4396 1486 4476 receptacula

818 4491 1041 4566 properanter
1054 4486 1216 4570 recipere.
