3334 5734
555 828 753 878 nncrrorins
776 830 905 879 vanis.
1209 814 1275 881 269

233 1009 402 1092 imaginis,
422 1010 554 1077 scilicet
572 1030 677 1094 super
694 1011 870 1077 sinistrum
894 1010 1083 1088 humerum,
1107 1011 1272 1094 scuptum

233 1115 299 1184 est,
321 1108 424 1174 ‘Rex
454 1109 605 1176 Siciliae!
654 1110 711 1175 Ex
738 1111 807 1176 alia
832 1119 947 1176 autem
969 1117 1067 1194 parte
1091 1110 1194 1174 bullae
1221 1110 1273 1174 in·

234 1208 403 1291 sculpitur
422 1209 579 1293 quaedam
598 1210 734 1288 civitas,
755 1210 888 1276 scilicet
911 1210 1035 1288 Roma,
1056 1217 1093 1275 et
1113 1210 1274 1274 scribitur

234 1307 269 1370 in
298 1309 454 1386 circuitu,
478 1309 627 1387 ‘Roma,
649 1316 754 1393 caput
778 1310 908 1387 mnndi,
930 1318 1025 1376 tenet
1049 1310 1142 1375 orbis
1163 1308 1273 1374 fraena

235 1407 395 1473 rotundi!
439 1408 525 1474 Erat
540 1415 656 1475 autem
672 1409 768 1475 bulla
784 1410 1035 1494 aliquantulum
1053 1408 1163 1494 major
1179 1407 1273 1474 bulla

195 1629 252 1668 ΝΟ.
276 1629 330 1668 ΠΙ.

184 1693 260 1768 194,
279 1694 333 1770 32,
349 1691 479 1759 laliaci
579 1692 744 1758 Metham.

184 1812 258 1894 197,
276 1817 330 1893 22,
347 1816 495 1884 discretae
578 1817 759 1895 discretus,
787 1825 823 1883 et
849 1818 885 1883 in
910 1817 1027 1884 divina
1052 1819 1182 1902 pagina
1205 1817 1274 1883 ele-

599 1926 722 1999 gauter
737 1916 906 1996 eruditus,
922 1917 1091 2000 Anglicns
1108 1918 1257 1984 natione.

179 2074 233 2085 —
277 2041 331 2118 23,
340 2038 497 2126 predica·
579 2039 671 2104 addit
706 2038 833 2119 Paris„
870 2040 907 2105 in
946 2061 1014 2125 quo
1051 2041 1274 2125 singulariter

347 2139 438 2204 tionis
602 2137 727 2215 floruit
744 2140 938 2223 expeditus.

178 2302 233 2315 -
278 2264 328 2340 24,
346 2261 441 2327 multo
458 2261 530 2347 jam
580 2265 683 2330 etiam
698 2285 759 2349 per
773 2264 912 2349 aliquod
929 2274 1074 2350 tempus.

346 2370 476 2447 “mm

179 2524 232 2539 -
275 2484 327 2562 26,
343 2485 489 2551 coemat
579 2483 775 2562 excitando,
808 2484 853 2549 ad
881 2485 1080 2570 obsequium
1107 2481 1273 2549 Crucifixi

600 2583 728 2648 arctius
740 2583 919 2650 animavit.

179 2746 233 2761 -
275 2709 327 2786 30,
339 2707 530 2774 docisoaelee
579 2706 754 2772 beneflciis
767 2707 904 2773 divinis.

347 2806 429 2874 tiles

180 2970 233 2982 -
275 2931 328 3007 32,
342 2938 371 2994 ot
577 2930 665 2997 deest.

180 3094 233 3106 —
276 3054 328 3130 34,
345 3062 524 3140 reparantes
578 3071 749 3136 reparare.

184 3180 258 3256 198,
298 3180 477 3257 imitatio.
492 3228 529 3246 ..
578 3185 776 3243 sanctorum
800 3176 924 3261 pedum
951 3196 1090 3242 suorum
1117 3177 1271 3261 vestigiis

347 3280 533 3346 coarmavit
600 3277 826 3355 consecravit,
864 3283 901 3341 et
938 3283 1159 3343 sacrosancto
1192 3297 1272 3343 san·

601 3374 705 3459 guina
720 3376 904 3442 dedicavit.

180 3538 234 3551 -
299 3506 332 3582 3,
346 3504 532 3570 ommes
578 3498 671 3565 addit
692 3498 817 3578 Pare„
842 3500 995 3584 Eratque
1018 3508 1118 3567 tanta
1137 3500 1174 3566 in
1199 3521 1272 3567 om·

600 3619 661 3665 nes
683 3599 899 3666 Christianos
919 3601 1101 3677 exultatio,
1122 3609 1163 3667 nt
1178 3601 1270 3668 vide-

599 3706 719 3764 rentur
736 3699 880 3765 terrenis
894 3699 1044 3765 caelestia
1061 3701 1204 3766 misceri.

182 3868 234 3881 ...
298 3827 330 3905 6,
348 3826 436 3893 Vm
579 3819 647 3885 His
662 3826 777 3886 autem
790 3821 842 3886 sic
859 3820 935 3885 Deo
946 3820 1167 3904 dispensante
1182 3821 1268 3887 ordi-

599 3921 703 3999 natis,
716 3920 891 3986 inridente
907 3920 1049 4003 antiqno
1064 3920 1269 3986 seminatore

598 4020 819 4085 schismatum
836 4027 872 4085 et
886 4017 1130 4084 discordiarum
1147 4018 1268 4085 Satha-

600 4138 657 4198 na,
682 4119 804 4185 incolae
830 4126 943 4196 terra,
967 4117 1139 4201 praecipue
1167 4117 1270 4184 Tem·

599 4218 700 4303 plarii
732 4226 768 4284 et
800 4214 1037 4301 Hospitalarii‚
1076 4216 1268 4284 invidentes

599 4318 700 4385 factis
713 4317 938 4402 imperatoris,
958 4324 1177 4400 sumpserunt
1192 4337 1269 4384 cor·

599 4438 668 4483 nna
678 4438 722 4484 ex
739 4418 817 4483 odio
832 4417 968 4501 papali}
986 4415 1168 4483 audieruut
1178 4416 1268 4483 enim

599 4517 690 4601 quod
707 4517 782 4602 jam
799 4536 889 4601 papa
907 4516 1084 4600 imperinm
1099 4515 1270 4604 hostiliter

598 4617 782 4683 invaserat.
833 4616 1001 4683 Volentas
1026 4617 1133 4700 igitur
1154 4619 1270 4683 omnia

1095 4714 1141 4762 a!
