3334 5734
574 729 772 780 morienne
799 731 932 817 annin.
1254 717 1298 783 le

212 851 270 890 PAO.
308 852 361 889 m.

212 915 265 991 30,
303 912 558 999 ll‚adAe9linm
604 916 640 980 in
663 914 824 998 Anglinm
852 917 1001 1001 trajecit,
1029 917 1201 984 utiliorem
1230 918 1295 983 sibi

361 1060 414 1077 ...
433 1013 469 1077 in
484 1033 559 1098 pes·
626 1034 701 1080 enm
718 1015 961 1100 profectionem
977 1016 1063 1084 iere.

361 1120 459 1176 lerum

211 1271 262 1285 —-
305 1237 357 1314 13,
374 1236 504 1322 patera
605 1234 767 1319 paternis.

373 1336 510 1421 empne

211 1492 262 1505 -
306 1459 357 1535 14,
373 1456 510 1523 oneribus
606 1456 773 1539 exequiis.

211 1617 262 1630 -
305 1577 357 1660 17,
371 1581 557 1647 ramam..
605 1597 675 1661 quo
708 1577 861 1662 ejusdem
899 1576 1102 1642 calumniam
1141 1597 1297 1661 compes-

375 1701 557 1767 ..coemes
630 1684 733 1743 neret.

371 1800 438 1844 eene

210 1937 262 1951 --
307 1902 356 1979 19,
373 1900 557 2064 gaisportior·
605 1899 841 1985 dispergenda.

210 2156 261 2169 -
303 2123 356 2199 29,
369 2129 509 2207 arreptae
604 2118 640 2182 in
657 2138 770 2201 regem
786 2126 959 2203 aceeptus.

210 2280 261 2293 -
304 2247 355 2323 30,
389 2242 558 2329 abieritque
604 2243 729 2326 ubique
749 2243 901 2307 locorum
923 2242 1081 2308 obtinuit.
1133 2242 1189 2308 Ad
1204 2244 1294 2328 qnod

372 2344 557 2408 ....Len·
624 2361 692 2406 non
713 2361 857 2425 parvum
875 2342 1115 2407 adminiculum
1130 2341 1294 2408 Luniran-

363 2443 502 2528 sraneas
625 2460 685 2505 eus
699 2440 828 2506 attulit.

210 2566 264 2643 31,
324 2567 357 2643 1,
372 2587 429 2651 qao
604 2562 684 2628 Hoc
700 2564 817 2646 igitur.

208 2724 260 2737 —
324 2691 354 2766 4,
362 2685 555 2772 favorabili·
603 2695 736 2771 pacate.

371 2796 417 2852 ior

208 2946 259 2959 -
322 2910 556 2977 -meamm
603 2909 840 2975 Veruntamen
852 2918 986 2993 postea.

208 3069 259 3081 —
321 3035 353 3110 9,
367 3032 402 3097 in
423 3031 556 3096 Christi·
604 3033 818 3099 Christianos
832 3034 1031 3101 invadentes
1045 3042 1092 3100 et.

345 3152 420 3196 anor
427 3130 554 3214 finali,

344 3251 413 3295 men

209 3391 259 3402 —
302 3355 354 3431 20,
377 3350 543 3534 Κοόοῑΐΰνω
604 3355 758 3422 lieberto
773 3363 897 3438 nepote
912 3374 976 3420 suo
992 3402 1001 3420 .
1017 3402 1026 3420 .
1044 3354 1280 3422 .e0nfirmate.

357 3473 470 3517 ...oea
492 3472 556 3516 na·

355 3560 433 3616 assei

208 3710 258 3723 ..
301 3674 353 3751 22,
365 3674 553 3761 Asyliam..
601 3670 637 3733 in
652 3667 815 3752 Angliam
831 3670 982 3736 venisset
997 3625 1264 3759 accepissetque.

368 3773 528 3859 ..accepit

207 3931 258 3942 —
301 3896 353 3973 24,
369 3894 492 4058 wi
504 3895 553 3960 ni-
602 3890 676 3976 geri
692 3891 844 3957 vidisset.

208 4153 258 4165 —
303 4119 354 4195 25,
371 4116 469 4181 eodem
602 4116 747 4179 insuam
771 4114 976 4179 sententiam
987 4113 1061 4198 jam
1078 4116 1257 4197 pertraxit.

372 4216 542 4281 merlavii

208 4377 259 4388 -
302 4337 356 4416 27,
372 4339 427 4426 qai
442 4387 451 4403 .
468 4387 476 4402 .
494 4387 502 4403 .
520 4387 553 4405 ..
601 4336 767 4420 siquidem
797 4355 874 4400 eum
898 4337 1087 4422 juvenilem
1111 4336 1291 4402 stultitiam

370 4438 526 4525 mitigaret
626 4435 895 4501 ...refrenasse
