3334 5734
774 736 973 786 lncrlouus
996 737 1132 787 VARlAE.

459 919 627 984 somnium
639 919 767 996 evenit,
787 918 847 984 sed
863 919 900 982 in
915 920 1082 1000 remtate3
1105 921 1162 986 cui
1178 921 1415 986 testimoninm
1433 941 1504 1004 per-

459 1018 553 1084 hibet
568 1019 681 1083 finalis
698 1019 747 1083 rei
764 1025 920 1097 eventus,
942 1026 978 1084 et
997 1020 1177 1104 cujusdam
1199 1020 1328 1099 fratris,
1343 1020 1502 1086 videlicet

458 1118 615 1183 monachi
642 1118 794 1183 ecclesiae
818 1119 931 1183 sancti
952 1117 1091 1197 Albani,
1125 1119 1293 1185 Gileberti
1320 1121 1367 1185 de
1395 1120 1503 1185 Sisse·

459 1237 573 1296 verne,
589 1217 829 1283 testimonialia
844 1219 1001 1296 assertio,
1013 1220 1074 1302 qui
1086 1220 1284 1303 frequenter
1302 1240 1324 1284 a
1339 1220 1503 1304 praedicto

459 1316 615 1383 Roberto
635 1319 685 1382 rei
703 1317 825 1382 seriem
847 1318 1098 1396 sciscitabatur,
1122 1329 1157 1384 et
1175 1319 1359 1401 diligenter
1380 1320 1504 1384 verita·

458 1423 527 1481 tem
541 1419 605 1482 sub
622 1417 844 1483 attestatione
867 1417 1033 1482 tremendi
1052 1418 1187 1501 judicii,
1209 1426 1330 1502 utpote
1353 1418 1409 1484 vir
1429 1437 1502 1502 prn-

458 1515 542 1581 dens
563 1524 598 1581 ct
610 1516 781 1594 literatus,
794 1515 993 1581 medullitus
1008 1517 1214 1601 exploravit

407 1655 482 1796 gii,
499 1656 551 1795 ug,
564 1718 599 1782 iu
611 1718 680 1783 msa
697 1765 725 1781 ..
744 1765 752 1781 .
805 1716 887 1781 Non
899 1717 989 1795 visu,
1001 1717 1060 1782 sed
1077 1739 1127 1796 re,
1141 1719 1217 1783 sine
1234 1718 1350 1802 aliqua
1367 1718 1500 1783 hesita-

571 1838 605 1881 re
824 1816 1105 1883 tione-Erased
1120 1819 1187 1883 and
1204 1819 1342 1884 written
1356 1839 1443 1884 over
1457 1820 1498 1902 by

825 1914 926 1980 Paris
943 1916 979 1980 in
997 1917 1042 1983 B.

407 2075 458 2088 -
500 2041 552 2117 24,
562 2040 741 2125 patercule
801 2039 1013 2103 ascenderat.

407 2164 481 2241 392,
519 2165 550 2241 9,
566 2164 717 2228 conticeo·
802 2162 1059 2229 abstinentiam.

468 2298 471 2303 ·
570 2263 648 2326 teiam

406 2420 458 2434 —
500 2387 555 2462 18,
567 2386 672 2451 Porro
695 2389 754 2474 sig]-
803 2384 846 2450 In
870 2384 928 2450 the
954 2385 1053 2469 place
1075 2386 1116 2451 os
1137 2385 1235 2452 these
1258 2386 1419 2471 chapters
1442 2387 1499 2452 the

569 2505 679 2551 comm
824 2483 939 2568 Royal
955 2484 1031 2548 MS.
1047 2485 1173 2569 simply
1191 2485 1318 2570 speaks
1340 2485 1382 2551 of
1399 2487 1497 2552 mira-

822 2584 893 2649 cles
908 2603 947 2647 as
958 2604 1036 2649 now
1053 2585 1254 2669 appearing,
1270 2587 1342 2650 ‘ita
1353 2593 1394 2650 ut
1409 2587 1498 2652 vide·

822 2692 941 2747 rentur
967 2684 1201 2766 apostolorum
1221 2692 1377 2769 tempora
1399 2706 1497 2751 reno·

821 2782 932 2861 vari;'
957 2784 1020 2847 but
1042 2784 1140 2861 adds,
1160 2790 1261 2866 ‘quaa
1282 2793 1425 2868 propter
1443 2806 1500 2850 eo-

822 2901 899 2945 rnm
912 2881 1165 2948 multitudinem
1182 2884 1345 2948 omittens
1360 2883 1404 2947 ad
1423 2903 1497 2948 ma·

817 2979 899 3064 jora
919 2982 1058 3046 cronica
1072 2981 1250 3047 S.Albani
1270 3002 1313 3048 ea
1331 2984 1420 3047 scire
1442 3004 1499 3049 ro

820 3079 931 3145 lentes
946 3081 1165 3160 transmitto,'
1180 3081 1240 3146 sol.
1256 3081 1310 3147 68.

404 3207 478 3283 993,
516 3206 547 3283 6,
562 3203 715 3288 martyrio
800 3205 974 3287 martyris.

403 3365 455 3377 —
498 3331 550 3406 29,
567 3327 645 3393 celio
800 3328 957 3393 cervisia.

404 3452 478 3529 394,
495 3447 546 3528 27,
564 3471 703 3535 appone·
799 3450 893 3515 addit
910 3450 1036 3528 Paris,
1058 3470 1137 3534 quae
1152 3452 1188 3516 in
1209 3453 1375 3534 honorem
1388 3457 1499 3521 sancti

567 3558 656 3614 eraut
820 3549 946 3615 Jacobi
975 3551 1209 3634 principaliter
1231 3560 1267 3618 et
1286 3563 1498 3631 sanctornm,

661 3638 663 3642 ’
821 3668 886 3732 pro
932 3669 1077 3733 quorum
1121 3653 1340 3718 veneratione
1385 3654 1497 3737 fulgor

821 3748 970 3813 caelestis
991 3751 1164 3832 apparuit,
1186 3752 1314 3818 ibidem
1331 3752 1498 3820 fabricata

821 3849 1058 3912 venerabatur.

404 3977 478 4048 395,
497 3975 549 4050 18,
566 3970 736 4035 conticetur
798 3972 994 4037 continetur
1009 3972 1101 4056 apud
1118 3982 1275 4040 sanctum
1291 3974 1479 4041 Albanum.

403 4099 477 4175 396,
515 4100 546 4173 5,
560 4116 689 4180 corpora
798 4097 947 4179 pignora
961 4098 1273 4179 processionaliter.

402 4258 452 4271 —-
497 4222 593 4295 18,se
600 4217 752 4305 pasinicus
798 4221 865 4287 sibi
882 4221 1031 4304 penitus.

402 4379 454 4391 —
497 4343 549 4418 24,
566 4340 742 4404 irroraret
798 4344 1011 4410 decorarent.

403 4506 453 4519 —
496 4467 549 4542 29,
563 4463 740 4550 mausole-
799 4467 1050 4532 trecentesimo.

567 4583 643 4627 amo
