3334 5734
1165 764 1558 814 nnc'monns
1604 764 1867 815 unm.
2497 750 2630 818 319

461 948 857 1014 electionem
901 946 1367 1029 nominarent3
1410 947 1543 1013 rati
1572 945 1921 1012 habitione
1949 946 2136 1030 prius
2164 945 2415 1015 eisdem
2448 949 2627 1017 elec-

467 1050 726 1115 toribus
788 1049 1124 1133 promissa
1174 1047 1261 1113 de
1313 1066 1608 1132 persona
1655 1066 1781 1130 per
1837 1047 2022 1130 ipsos
2072 1046 2290 1112 electa
2334 1057 2405 1114 et
2460 1049 2629 1134 ipsis

468 1148 900 1231 postmodum
931 1149 1303 1214 nominata.
1406 1147 1758 1212 Electores
1802 1145 2134 1230 siquidem
2174 1148 2506 1230 praemissi
2538 1149 2629 1214 ad

466 1247 597 1312 hoc
636 1246 928 1312 officinm
970 1267 1123 1313 cum
1165 1247 1300 1312 Dei
1335 1247 1574 1312 timore
1604 1245 2028 1324 accedentes,
2073 1265 2230 1311 cum
2264 1246 2629 1331 lachrymis

467 1353 540 1412 et
597 1348 1017 1412 orationibus
1080 1347 1216 1411 Dei
1269 1347 1666 1412 invocantes
1728 1345 2084 1424 auxilium,
2140 1344 2503 1428 diligenter
2561 1354 2633 1413 et

468 1445 783 1524 discrete,
839 1448 1019 1512 sicut
1067 1447 1296 1511 exitus
1350 1445 1701 1523 indicavit,
1750 1443 1835 1508 de
1880 1444 2009 1510 boc
2055 1445 2333 1528 negotio
2379 1452 2633 1512 tracta-

469 1553 754 1625 verunt3
799 1546 918 1629 qui
954 1566 1078 1630 per
1128 1545 1358 1611 omnia
1404 1543 1815 1609 unanimiter
1860 1551 1933 1609 et
1975 1544 2420 1623 concorditer,
2474 1553 2634 1629 post

469 1651 806 1711 tractatus
865 1653 936 1710 et
984 1645 1381 1711 collationes
1432 1663 1595 1709 suas
1653 1661 1859 1726 super
1906 1642 2036 1708 boc
2088 1643 2380 1722 habitas,
2434 1639 2633 1710 nobis

467 1744 690 1809 virum
714 1763 837 1828 per
866 1745 1095 1810 omnia
1122 1744 1441 1811 idoneum
1486 1744 1559 1808 in
1592 1742 1908 1807 abbatem
1938 1739 2334 1827 patremque
2378 1751 2449 1810 et
2475 1762 2635 1828 pas-

470 1851 687 1910 torem
720 1844 1095 1928 elegerunt,
1139 1851 1210 1908 et
1239 1843 1669 1927 postmodum
1699 1842 1993 1924 ingressi
2033 1843 2408 1927 capitulum
2437 1844 2633 1909 nobis

471 1962 674 2027 quem
707 1941 1626 2032 elegerantnominaverunt,
1660 1942 1922 2007 scilicet
1943 1941 2222 2007 fratrem
2250 1940 2298 2006 J
2302 1937 2633 2007 ohannem

471 2042 556 2107 de
616 2040 957 2122 Hertfort,
1008 2050 1261 2108 nostrae
1313 2041 1752 2127 professionis
1807 2040 2234 2119 monachum,
2284 2041 2463 2106 inter
2506 2061 2633 2107 nos

471 2142 560 2206 ab
606 2143 888 2225 antiquo
931 2142 1247 2224 religiose
1291 2149 1362 2207 et
1404 2140 2082 2225 irreprehensibiliter
2136 2147 2635 2207 conversatum.

472 2240 624 2306 Nos
653 2241 988 2324 siquidem
1015 2240 1265 2307 ibidem
1294 2241 1706 2305 unanimiter
1736 2240 2135 2323 congregati
2170 2239 2245 2303 in·
2274 2259 2635 2324 personam

471 2339 682 2418 illius,
733 2360 934 2424 quem
985 2341 1335 2425 elegerant
1383 2347 1456 2405 et
1510 2340 1710 2407 nobis
1761 2339 2304 2419 nominaverant,
2353 2359 2635 2405 concor-

472 2438 650 2504 diter
711 2440 1203 2505 consensimus*
1241 2440 1499 2521 absque
1559 2437 1743 2503 omni
1799 2436 2139 2503 discordia
2192 2450 2322 2504 seu·
2370 2445 2641 2505 contra-

472 2538 818 2617 dictione;
883 2538 1167 2604 firmiter
1227 2536 1406 2602 enim
1467 2536 1828 2614 credimuS,
1900 2544 2138 2602 sancte
2188 2544 2406 2621 pater,
2456 2538 2639 2622 quod

471 2636 652 2702 idem
692 2637 949 2702 electus
1006 2636 1204 2701 nobis
1245 2645 1316 2701 et
1351 2643 1583 2700 nostro
1630 2635 2041 2700 monasterio
2089 2654 2211 2719 per
2260 2638 2490 2702 omnia
2543 2637 2638 2703 sit

469 2736 777 2814 idoneus,
812 2754 966 2800 cnm
999 2736 1069 2799 in
1098 2735 1250 2818 ipso
1281 2732 1451 2798 nihil
1489 2753 1612 2798 cur
1654 2731 1817 2814 eligi
1859 2752 1995 2798 non
2038 2731 2315 2799 deberet
2339 2735 2636 2802 sciamus

470 2837 860 2920 reprobum,
886 2854 1012 2900 nec
1053 2834 1128 2898 in
1169 2853 1252 2898 eo
1294 2831 1552 2917 aliquid
1596 2831 1882 2897 deficere
1929 2834 2405 2917 perpendimus
2451 2835 2636 2919 quod

473 2955 693 3002 canon
742 2933 963 3017 exigit
1016 2933 1090 2997 in
1139 2934 1380 2998 electo.
1484 2930 1673 2997 Hinc
1722 2938 1852 3010 est,
1889 2931 2370 3016 benignissime
2415 2942 2635 3017 pater,

474 3054 688 3119 quare
733 3052 879 3112 nos,
914 3034 1033 3117 qni
1074 3032 1196 3097 filii
1228 3032 1440 3098 vestri
1482 3047 1719 3095 sumus
1749 3038 1821 3096 et
1847 3029 2232 3096 immediate
2261 3032 2348 3097 ad
2385 3032 2639 3099 Roma-

475 3153 637 3199 num
667 3131 1056 3217 pontificem
1083 3133 1497 3216 spectantes,
1526 3130 1723 3196 vobis
1750 3131 1823 3195 in
1871 3131 2053 3196 omni
2091 3150 2229 3215 qua
2273 3151 2635 3216 possumus

473 3233 936 3318 supplicamus
987 3232 1369 3310 devotione,
1399 3237 1738 3315 qnatenus
1779 3227 1912 3295 Dei
1943 3230 2193 3295 intuitu
2230 3239 2302 3296 et
2329 3232 2413 3296 ad
2448 3232 2638 3299 leva-

475 3352 632 3398 men
683 3332 986 3398 ecclesiae
1040 3338 1319 3411 nostrae,
1358 3349 1515 3415 quae
1559 3331 1689 3395 sub
1729 3329 1861 3394 hac
1903 3337 2228 3394 vacatura
2275 3331 2340 3393 in
2388 3353 2637 3413 :magno

478 3433 763 3515 navigat
796 3432 1099 3516 periculo
1144 3432 1271 3496 sub
1314 3429 1604 3495 seculari
1645 3429 1962 3495 custodia
1991 3433 2388 3505 constituta,
2420 3433 2637 3501 electe

477 3540 714 3598 nostro
744 3534 1002 3615 absque
1044 3551 1259 3597 morae
1298 3530 1650 3613 dispendio
1689 3526 1890 3595 officii
1917 3529 2031 3594 'sui
2060 3533 2637 3597 confirmationem

474 3633 998 3697 misericorditer
1056 3628 1485 3715 impendatis.
1613 3628 1766 3694 Nos
1824 3636 2076 3709 autem,
2136 3637 2216 3693 ut
2268 3633 2637 3697 reverenda

474 3733 808 3797 sanctitas
836 3739 1071 3797 vestra
1100 3730 1185 3796 de
1228 3727 1595 3813 praemissis
1623 3728 1824 3793 fidem
1867 3727 2116 3793 habeat
2166 3733 2641 3809 indubitatam,

479 3831 707 3914 sigillo
738 3831 1022 3914 capituli
1055 3830 1276 3896 nostri
1306 3828 1392 3893 de
1435 3828 1774 3893 communi
1804 3827 2017 3893 totius
2064 3841 2440 3893 conventus
2489 3853 2641 3897 con—

474 3949 680 3995 sensu
734 3930 859 3996 bas
901 3930 1136 3995 literas
1186 3936 1456 3993 nostras
1502 3933 1838 4010 patentes,
1884 3935 1956 3992 et
1984 3923 2092 3993 'rei
2140 3941 2352 4009 gestae
2396 3933 2637 3993 seriem

477 4031 925 4109 continentes,
950 4029 1232 4095 fecimus
1261 4027 1675 4110 consignari.

714 4194 1100 4281 Rescriptum
1119 4214 1305 4280 papae
1329 4190 1578 4257 Elian-si
1603 4200 1660 4257 a
1687 4191 2064 4257 Londimnsi
2094 4192 2405 4279 spiscopis.
2445 4219 2450 4230 ¹

578 4326 716 4392 His
738 4335 968 4393 autem
999 4326 1216 4392 literis
1263 4325 1625 4408 diligenter
1665 4324 2029 4407 inspectis,¹
2055 4323 2290 4390 habita
2320 4343 2473 4389 cum
2510 4324 2647 4390 fra-

476 4427 694 4492 tribus
755 4426 1258 4503 deliberatione,
1318 4423 1654 4489 concessit
1702 4442 2008 4488 summus
2063 4425 2372 4507 pontifex
2417 4443 2644 4491 mona-

474 4526 620 4591 chis
666 4526 855 4612 juste
917 4526 1293 4610 postulata,
1350 4522 1701 4590 laboribus
1758 4542 1992 4589 eorum
2046 4530 2332 4607 paterno
2396 4524 2644 4591 affectu
