3334 5734
557 790 754 841 urcrrorrus
778 791 910 841 viarm
1210 777 1275 845 2⁶1

240 982 487 1060 Romanorum,
497 999 576 1046 ecce
591 979 706 1065 laquei
721 979 1089 1065 prelatorumqmbur
1098 980 1276 1047 universos

240 1090 276 1148 et
299 1080 454 1163 singulos
480 1087 638 1163 quaerunt
665 1079 865 1163 illaqueare,
895 1099 1052 1146 nummos
1081 1099 1277 1164 emungere,

240 1182 365 1247 liberos
399 1179 597 1264 subjugare,
633 1177 794 1263 pacificos
823 1178 1026 1263 inquietare,
1057 1178 1094 1244 in
1124 1180 1277 1246 vestibus

242 1280 356 1347 ovium
370 1298 448 1344 cum
467 1279 537 1344 sint
550 1278 754 1343 intrinsecus
774 1278 848 1362 lupi
868 1297 1035 1363 rapaces;
1059 1278 1194 1362 legatos
1210 1279 1277 1344 hnc

242 1387 278 1445 et
291 1379 373 1445 illuc
387 1379 574 1455 mittentes,
595 1378 902 1455 excommunicare,
923 1377 1142 1463 suspendere,
1156 1379 1277 1463 punire

242 1485 446 1563 potestatem
458 1477 641 1557 habentes3
663 1496 733 1541 nou
746 1485 787 1543 nt
798 1495 927 1556 semen,
936 1477 971 1543 id
983 1484 1038 1543 est
1048 1479 1189 1544 verbum
1197 1478 1277 1557 Dei,

243 1578 410 1643 seminent
421 1576 705 1653 ductilicaudm,
719 1576 780 1642 sed
790 1584 831 1642 ut
842 1578 1023 1660 pecnnimu
1039 1584 1278 1662 extorqueant,

244 1677 419 1759 colligant,
430 1682 466 1741 et
479 1682 611 1741 metant
622 1694 700 1758 qua
713 1694 888 1759 nunquam
900 1677 1165 1744 seminaverunt.
1204 1676 1279 1743 Sic·

244 1795 311 1860 que
326 1776 377 1854 fit,
392 1782 432 1841 ut
447 1774 610 1840 ecclesias
628 1792 757 1852 sacras,
780 1794 969 1859 pauperum
985 1775 1129 1860 refugia,
1141 1783 1279 1842 sancto·

245 1895 320 1939 rum
335 1875 541 1954 mansiones,
554 1872 730 1957 diripiant,
744 1892 832 1957 quas
851 1875 900 1958 pii
915 1893 957 1941 ac
972 1875 1143 1960 simplices
1162 1883 1279 1960 patres

244 1975 354 2040 nostri
379 1974 416 2037 in
440 1971 659 2038 refectionem
685 1991 874 2057 pauperum
898 1993 940 2040 ac
965 1973 1220 2060 peregrinorum
1244 1981 1280 2039 et

244 2073 481 2156 religiosorum
502 2072 785 2137 sustentationem
807 2071 1004 2140 fundarunt.
1055 2074 1103 2139 Et
1122 2094 1214 2139 nunc
1235 2073 1280 2138 ad

244 2173 387 2256 imperia
414 2179 450 2237 et
473 2190 581 2253 regna
607 2171 792 2252 degeneres
817 2179 853 2237 et
876 2172 1057 2255 ignobiles,
1084 2192 1172 2257 qnos
1195 2173 1279 2238 solae

244 2272 353 2337 literae
369 2270 501 2336 faciunt
515 2270 674 2347 insanire,
691 2288 778 2335 anau
793 2272 976 2337 temerario
990 2271 1203 2339 contendunt
1218 2291 1281 2337 an·

245 2370 372 2436 belare.
423 2369 466 2434 In
481 2376 683 2453 paupertate
696 2369 832 2453 quidem
851 2378 887 2436 et
902 2371 1121 2455 simplicitate
1135 2370 1280 2437 fundata

246 2479 321 2535 erat
347 2468 493 2534 ecclesia
514 2468 699 2552 primitiva,
715 2487 792 2533 cum
816 2476 968 2549 muetos,
992 2491 1080 2555 quos
1101 2471 1282 2554 catalogus

245 2576 440 2634 sauctorum
456 2575 709 2646 commemorat,
721 2567 883 2633 foecunda
894 2571 1095 2653 parturiret3
1115 2571 1176 2637 sed
1186 2570 1282 2636 alind

179 2731 183 2738 ,
245 2667 501 2733 fundamentum
521 2686 621 2732 nemo
645 2673 760 2750 potest
781 2687 921 2751 ponere,
940 2677 1066 2752 praeter
1087 2669 1173 2734 illud
1189 2669 1282 2753 quod

245 2768 394 2851 positum
404 2774 458 2832 est
472 2786 494 2830 a
504 2766 655 2831 Domino
667 2764 755 2830 lesu
771 2783 813 2830 ac
825 2767 1028 2832 stabilitum.
1061 2767 1184 2854 Porro,
1200 2768 1284 2851 quia

246 2869 282 2931 in
301 2866 430 2931 divitiis
451 2866 630 2948 navigant,
655 2864 690 2927 in
711 2864 842 2929 divitiis
861 2865 1072 2945 volutantur,
1096 2867 1133 2930 in
1153 2866 1284 2932 divitiis

247 2965 427 3042 aedificant,
442 2964 628 3029 timendum
651 2982 695 3027 ne
716 2961 830 3045 paries
850 2962 1032 3030 inclinetur
1052 2964 1217 3044 ecclesiae,
1239 2985 1284 3031 ne

245 3066 393 3130 maceria
424 3062 570 3148 depulsa
595 3060 695 3126 ruina
721 3062 960 3145 subsequatur.
1013 3062 1056 3128 In
1080 3083 1144 3129 nos
1168 3064 1285 3144 etiam,

247 3166 343 3230 novit
364 3163 544 3229 Scrutator
566 3162 728 3238 omnium,
751 3159 879 3246 injuste
894 3161 1157 3242 debacchantur,
1171 3163 1286 3228 dicen·

247 3272 299 3329 tes
324 3283 387 3329 nos
408 3262 500 3328 nolle
525 3260 679 3327 terminis
702 3259 943 3326 transfretasse
968 3261 1185 3345 constitutis3
1207 3281 1285 3327 cum

247 3362 357 3429 multa
375 3381 430 3427 me
454 3360 496 3427 de
518 3380 559 3426 co
581 3367 617 3425 ct
635 3358 832 3425 ecclesiast
849 3359 991 3444 imperio
1010 3361 1224 3428 inevitabilia
1243 3380 1286 3428 ac
1323 3403 1329 3424 „

248 3462 356 3527 ardua
372 3461 523 3543 negotia,
541 3465 667 3543 praeter
683 3458 893 3525 infirmitatis
911 3461 1136 3540 incommoda,
1155 3460 1286 3527 detine·

247 3563 343 3639 bant,
365 3579 509 3644 quorum
532 3559 678 3642 primum
701 3558 767 3624 fnit
784 3559 960 3625 rebellium
981 3559 1173 3627 Siculorum
1191 3561 1286 3627 inso-

249 3661 365 3726 lentia
418 3658 494 3724 Nec
508 3657 688 3723 ridebatur
709 3657 807 3723 nobis
831 3678 953 3724 saum
978 3660 1084 3727 fuisse
1105 3660 1286 3726 consilium

249 3759 435 3844 expediens
448 3757 713 3835 christianitati,
727 3776 790 3822 nos
806 3756 841 3822 in
852 3757 995 3824 Terram
1007 3767 1161 3826 sanctam
1172 3767 1286 3825 trans·

248 3861 328 3938 isse,
347 3857 475 3923 bellum
494 3856 693 3922 intestinum
716 3864 796 3940 post
807 3864 907 3940 terga
922 3856 1175 3942 relinquentes;
1196 3859 1287 3922 sicut

248 3977 310 4023 nec
335 3956 478 4035 medico,
505 3954 596 4021 ferro
621 3954 730 4020 infixo
752 3955 898 4035 vulneri,
920 3956 1105 4023 fomentum
1128 3956 1288 4022 adhibere

248 4057 434 4123 medicinae.

199 4199 275 4338 stig,
288 4198 346 4337 ῗέ,
361 4256 494 4345 epistole
597 4275 747 4339 quoque.

197 4426 248 4438 -
292 4384 344 4460 23,
353 4380 536 4467 pomatio-
598 4378 808 4444 seditionem.

363 4502 431 4545 aem

200 4603 535 4689 167,18,p0rarrar
598 4600 716 4666 am.
