3334 5734
564 778 762 838 nrcrrouss
784 786 919 838 vasis.
1217 773 1283 841 219

239 992 357 1038 omnes
373 971 525 1057 episcopi
539 973 599 1056 qui
616 978 714 1038 erant
726 989 804 1037 cum
821 970 945 1036 militia
960 977 996 1036 et
1013 972 1154 1056 populo,
1175 973 1283 1037 sucris

239 1072 351 1138 induti
373 1074 539 1151 vestibus,
567 1092 644 1137 cum
670 1071 828 1137 crucibus
859 1078 894 1136 rt
921 1070 1073 1150 vexillis,
1101 1078 1282 1137 cantantes

239 1173 426 1238 solenniter
440 1180 476 1237 et
493 1171 606 1237 Deum
623 1171 883 1237 collaudantes?

190 1312 248 1351 ΡΑΘ.
283 1312 335 1349 ult.

191 1376 246 1455 39,
284 1377 337 1452 29,
354 1373 508 1439 daidara
587 1374 682 1439 addit
707 1374 832 1453 Paris,
860 1394 924 1458 pro
953 1391 1082 1438 corona
1116 1374 1286 1451 Franciae,

354 1472 429 1538 duat
610 1494 714 1558 quam
739 1476 844 1540 etiam
868 1473 941 1540 laesi
959 1481 995 1538 ct
1010 1473 1091 1537 irati
1115 1494 1184 1540 non
1205 1493 1287 1557 pos-

610 1582 693 1639 sunt
706 1575 830 1640 odisse.

190 1734 243 1750 --
285 1697 338 1774 33,
356 1716 522 1771 recessum
589 1718 761 1764 recessum
790 1718 831 1764 ac
853 1699 1070 1778 conductum,
1089 1719 1165 1765 cnm
1186 1697 1287 1763 multi

353 1798 404 1862 tis
417 1807 518 1863 cum
612 1807 728 1863 tamen
739 1798 817 1864 huic
830 1799 1072 1865 misericordiae
1085 1807 1199 1864 essent
1212 1806 1286 1863 toto

614 1906 650 1963 et
675 1899 777 1963 avido
805 1899 984 1964 conamine
1018 1899 1286 1965 contradictores

614 1998 808 2076 manifesti3
835 1999 890 2063 sin
904 2000 1029 2067 minus.

194 2119 248 2197 31,
309 2121 339 2197 1,
353 2118 434 2204 quod
454 2117 545 2184 lauit
591 2120 710 2187 desunt.

358 2239 402 2282 ota

194 2382 245 2395 -
310 2343 343 2417 2,
358 2340 469 2406 inutile
592 2344 679 2412 dest

194 2506 246 2520 —
308 2467 343 2541 9,
359 2464 523 2529 Τῆωιιὶεἰα
591 2468 684 2533 addit
700 2467 825 2545 Paris,
842 2468 879 2533 in
894 2469 1044 2555 quadam
1057 2470 1180 2535 insula.

195 2631 247 2645 ..
290 2592 342 2668 11,
357 2587 514 2655 sottum
592 2591 711 2658 mat.

363 2711 401 2754 tw

195 2855 246 2868 -
289 2808 342 2892 27,
359 2811 546 2877 transmari-
594 2813 686 2879 addit
712 2813 834 2890 Paris,
857 2820 992 2877 etcum
1014 2813 1195 2893 rexforet,
1217 2815 1290 2899 ipso

358 2913 409 2978 ais
615 2914 652 2978 in
667 2932 752 2997 pace
767 2912 963 2978 dimitteret.

198 3039 252 3114 32,
314 3039 345 3116 3,
359 3033 485 3103 aarum
594 3038 687 3103 addit
712 3036 838 3115 Paris„
865 3035 940 3101 Noc
965 3044 1208 3103 nocumentum
1233 3037 1290 3102 vel

617 3138 838 3223 opprobrium
873 3137 1080 3221 objiceretur
1113 3137 1193 3202 hinc
1237 3136 1292 3203 vel

617 3239 696 3302 inde
729 3237 783 3301 his
812 3236 872 3320 qui
901 3236 980 3301 huic
1007 3236 1062 3301 vel
1088 3237 1147 3301 alii
1175 3235 1291 3302 adhae-

617 3337 754 3403 sissent.

200 3461 255 3535 33,
293 3460 347 3536 22,
362 3466 398 3523 ut
465 3458 547 3523 mol·
596 3469 727 3528 metens
760 3459 851 3544 quod
880 3479 948 3525 non
970 3459 1164 3539 seminavit,
1188 3467 1228 3524 ut
1248 3478 1293 3524 ex

364 3558 404 3623 tis
417 3580 454 3624 sc
617 3562 749 3628 multis.

201 3686 257 3762 34,
294 3684 346 3761 16,
361 3681 498 3767 infidclst
597 3687 691 3752 illam
707 3684 893 3750 infidelium
910 3683 1173 3749 multitudinem.

200 3846 252 3859 -
296 3807 350 3883 29,
364 3823 475 3869 manus
597 3811 790 3895 prurientes
806 3827 942 3874 manus.

203 3929 259 4005 35,
297 3930 351 4005 21,
368 3948 415 3992 sos
431 3975 463 3993 ..
481 3927 550 3992 ‚irt-
599 3936 648 3999 cis
664 3934 842 4000 castellnm
856 3933 1124 4016 ingredientibus
1137 3931 1292 3998 instaret.

365 4035 536 4113 sequeretur

202 4193 254 4208 -
297 4153 349 4230 26,
366 4151 526 4217 dusclcors
600 4159 815 4243 dissiparent.
874 4156 877 4161 ’

367 4251 542 4317 laborarent

204 4378 257 4456 36,
297 4379 351 4456 19,
366 4377 543 4463 aliquantu·
601 4377 821 4463 provehente.

366 4476 432 4542 lem
439 4486 553 4563 turpes-

369 4585 450 4642 cento
