3334 5734
390 750 457 818 25⁴
752 769 951 821 uromours
973 771 1106 823 venun.

402 892 458 931 ΡΔΘ.
480 891 534 931 ΠΙ.

392 951 468 1033 178,
487 957 538 1032 15,
549 973 738 1040 promoe-
784 957 997 1039 provocavit.

553 1061 607 1119 ml

391 1219 441 1233 -
483 1179 739 1296 &departure
783 1180 902 1248 mat.

602 1299 738 1346 mmm

554 1398 619 1444 mu

390 1539 440 1552 -
484 1500 673 1587 &jacim
782 1498 875 1564 addit
897 1498 1024 1575 Paris„
1052 1498 1184 1564 Paulus
1211 1500 1390 1584 siquidem,
1414 1523 1474 1586 per

805 1599 1036 1683 ignorantiam
1056 1599 1117 1683 qui
1138 1601 1305 1683 wccavit,
1329 1604 1474 1683 gratiam

805 1700 1014 1782 promeruit3
1037 1698 1193 1763 similiter
1213 1707 1248 1764 et
1265 1700 1402 1778 Petrus,
1419 1702 1475 1785 qui

806 1818 869 1882 per
896 1798 1131 1883 fragilitatem,
1157 1798 1191 1863 id
1223 1806 1277 1864 est
1308 1800 1474 1878 timorem,

807 1898 993 1964 Dominum
1014 1897 1165 1980 negavit.
1215 1896 1327 1963 Judas
1348 1907 1475 1977 autern,

806 1998 866 2080 qui
878 2017 939 2080 per
952 1997 1180 2080 iniquitatem,
1192 1995 1226 2059 id
1241 2005 1295 2063 est
1309 1998 1474 2081 cupidita·

807 2104 889 2174 tem,
907 2096 1094 2161 Dominum
1111 2093 1263 2174 tradidit,
1278 2097 1394 2161 effusis
1409 2099 1474 2162 vis·

806 2196 941 2261 ceribus
959 2215 997 2261 se
1020 2195 1146 2279 laqueo
1167 2197 1379 2278 suspendens
1405 2198 1474 2262 sine

807 2315 868 2378 spe
893 2294 1017 2360 salutis
1043 2294 1151 2359 vitam
1172 2294 1342 2359 infelicem
1363 2297 1472 2360 termi-

806 2394 914 2459 navit.
966 2392 1010 2458 In
1038 2392 1103 2458 hac
1127 2394 1259 2458 ratione
1286 2395 1352 2459 sibi
1381 2415 1471 2479 spen

808 2492 1027 2577 Cartnphilus
1049 2492 1147 2576 ponit
1168 2491 1401 2575 indulgentiae,
1425 2516 1472 2561 er-

807 2612 986 2676 roremque
997 2611 1109 2670 suum,
1120 2611 1188 2675 quo
1202 2599 1353 2672 tueatur,
1362 2593 1473 2660 habet.

807 2691 1037 2763 Percontatus
1063 2691 1168 2756 etiam
1192 2700 1401 2758 memoratus
1422 2714 1472 2758 ar·

805 2790 1043 2876 chiepiscopus
1058 2789 1101 2856 de
1117 2808 1199 2855 arca
1216 2790 1306 2870 Noe,
1322 2811 1400 2876 quae
1415 2793 1471 2857 ad·

806 2890 873 2955 huc
898 2890 1023 2956 dicitur
1046 2890 1083 2955 in
1107 2890 1280 2954 montibus
1303 2889 1470 2957 Armenio

805 2990 1029 3074 requiescere,
1047 2987 1139 3055 etde
1160 2989 1276 3054 multis
1300 2990 1390 3069 aliis,
1410 2991 1470 3057 hoc

805 3089 895 3154 idem
911 3087 1104 3166 affirmavit,
1117 3088 1348 3153 testimonium
1362 3091 1471 3174 perhi-

803 3189 888 3253 bens
903 3188 1063 3269 veritati;
1089 3187 1148 3270 qni
1164 3194 1304 3271 propter
1319 3209 1470 3272 persouae

804 3287 1042 3366 reverentiam,
1077 3293 1113 3351 et
1144 3285 1253 3370 ipsius
1283 3287 1470 3354 honestatis

803 3386 972 3451 bullatum
1003 3386 1245 3464 testimonium,
1276 3387 1377 3453 fidem
1410 3389 1470 3453 im·

803 3486 929 3570 pressit
938 3486 1109 3551 mentibus
1120 3484 1313 3550 auditorum
1328 3495 1470 3553 etenum

803 3585 1033 3651 narrationem
1054 3584 1196 3649 rationis
1217 3585 1331 3667 sigillo
1352 3588 1470 3651 confir·

803 3685 922 3751 mavit.
973 3683 1090 3769 Hujus
1116 3684 1219 3749 etiam
1246 3685 1297 3749 rei
1328 3696 1469 3752 eventus

803 3784 964 3849 falsitatis
987 3784 1211 3867 nequicquam
1233 3803 1335 3867 posse
1358 3785 1469 3850 redar-

803 3885 873 3967 gui,
900 3890 1047 3948 testatur
1069 3883 1206 3967 quidam
1230 3884 1354 3948 nobilis
1374 3886 1467 3950 miles

803 3991 840 4049 et
857 3984 894 4047 in
914 3984 1017 4047 armis
1035 3988 1206 4060 strenuus,
1220 3982 1413 4048 Richardus
1429 3985 1467 4049 de

803 4082 1039 4166 Argentomio,
1065 4081 1124 4165 qui
1149 4089 1264 4166 partes
1288 4084 1465 4149 orientales

802 4184 867 4248 sub
890 4182 991 4247 titulo
1019 4181 1304 4265 peregrinationis
1327 4183 1465 4249 devotus

801 4284 838 4348 in
870 4282 1008 4366 propria
1037 4281 1220 4365 praeseutia
1246 4300 1325 4346 cum
1353 4283 1464 4347 multis

802 4382 880 4446 aliis
900 4380 1077 4464 visitavit3
1109 4389 1144 4447 et
1162 4389 1284 4465 postea
1307 4383 1465 4466 sepelitur
1505 4377 1508 4381 ’

800 4482 992 4566 episcopus.
