3334 5734
593 795 790 845 nncrrorrns
815 795 945 845 varim.
1249 779 1314 846 189

270 984 410 1051 fossatis
423 985 601 1063 ambirent,
612 985 838 1051 servientibus
855 984 1085 1070 stipendiariis
1099 987 1311 1063 roborarent,

269 1085 414 1149 balistas
443 1094 479 1150 et
507 1085 681 1150 machinas
712 1093 882 1169 pararent,
914 1085 1046 1168 spicula
1080 1085 1308 1165 fabricarent3

272 1191 373 1249 cauta
387 1192 502 1250 tamen
522 1192 558 1249 et
573 1186 648 1249 sine
664 1184 963 1268 prorumpentibus
979 1184 1310 1262 comminationibus,

271 1302 315 1348 ne
330 1284 476 1349 barones
488 1283 522 1349 id
539 1284 627 1350 forte
641 1285 899 1368 comperientes,
914 1284 1154 1368 repagulorum
1170 1284 1309 1368 impedi·

271 1391 401 1462 menta,
417 1403 460 1449 ne
474 1383 569 1449 furor
581 1384 696 1467 regius
715 1384 925 1467 procederet,
940 1392 1185 1467 praepararent.
1230 1383 1311 1463 Sed,

272 1501 350 1547 cum
372 1483 457 1547 nibil
481 1484 650 1549 occultum
672 1483 765 1568 quod
786 1503 856 1548 non
875 1484 1056 1561 reveletur,
1081 1503 1144 1567 per
1164 1504 1312 1549 comme·

273 1588 373 1647 antes
389 1584 459 1648 cito
474 1584 692 1666 magnatibus
708 1583 783 1648 lraec
800 1584 892 1648 mala
908 1583 1156 1667 praemeditatio
1176 1591 1212 1650 et
1226 1584 1313 1667 peri·

273 1681 392 1746 culosa
408 1681 614 1747 machinatio
628 1682 793 1763 innotuit3
811 1691 846 1748 et
857 1682 964 1767 aliqui
980 1682 1022 1747 de
1036 1683 1310 1766 prudentioribus

273 1780 416 1847 eundem
433 1781 603 1860 adierunt,
616 1790 654 1847 nt
665 1783 694 1847 si
709 1801 790 1847 vera
805 1789 919 1847 essent
936 1801 1014 1866 quae
1025 1782 1226 1849 dicebantur
1238 1783 1311 1848 dili·

274 1888 396 1962 genter
419 1881 651 1965 explorarent,
676 1888 711 1947 et
736 1881 1026 1946 consolationibus
1051 1882 1313 1967 salubribusque

273 1980 425 2044 consiliis
439 1980 706 2063 indignationem
723 1981 798 2066 ejus
813 1988 1020 2059 averterent,
1040 1990 1076 2047 et
1092 2001 1170 2047 eum
1187 1983 1231 2047 ab
1248 1983 1312 2047 ini·

275 2099 344 2164 quo
360 2082 550 2165 proposito,
566 2088 751 2165 antequam
767 2082 923 2165 nequiter
942 2081 1159 2165 inciperetur,
1174 2100 1313 2148 revoca-

276 2186 363 2245 rent.
414 2180 481 2245 Sed
498 2200 561 2245 rex
582 2199 703 2246 sereno
720 2180 830 2257 vultu,
849 2182 942 2245 virus
959 2181 1180 2246 intrinsecum
1196 2201 1311 2247 coram

274 2281 491 2362 magnatibus
519 2279 704 2364 palliando,
729 2298 767 2345 se
785 2278 868 2343 nibil
890 2280 1063 2346 sinistrum
1085 2280 1243 2346 meditari
1256 2281 1316 2367 ju·

275 2378 382 2444 raudo
396 2399 458 2464 per
470 2380 574 2463 pedes
590 2380 657 2445 Dei
673 2387 870 2445 constanter
885 2378 1085 2460 affirmavit3
1110 2388 1147 2446 et
1160 2381 1210 2445 sic
1223 2401 1315 2446 mur·

274 2498 352 2543 mur
375 2478 451 2563 jam
475 2487 645 2557 exortum,
670 2499 732 2562 per
755 2478 844 2545 salsa
868 2488 1071 2558 commenta,
1099 2487 1135 2544 et
1159 2479 1315 2546 fouendo

272 2578 458 2644 cachinnos
489 2597 533 2643 ex
563 2579 707 2644 adverso
733 2579 903 2657 sedentes,
934 2579 1076 2645 subdole
1108 2579 1314 2662 pacificavit.

275 2678 523 2756 Veruntamen,
542 2679 625 2762 quia
645 2675 779 2743 difficile
803 2698 842 2743 se
865 2678 959 2762 capit
975 2678 1137 2757 furiosus,
1161 2679 1315 2762 plurimis

275 2777 384 2860 signis
398 2777 466 2862 ipsi
479 2785 670 2862 magnates,
684 2784 868 2861 antequam
884 2778 996 2861 ipsum
1011 2777 1192 2843 concilium
1205 2779 1314 2844 solve·

275 2885 380 2954 retur,
407 2884 631 2961 perceperunt
655 2876 747 2960 quod
773 2896 834 2940 cor
857 2877 948 2958 regis
975 2896 1135 2941 aversum
1157 2879 1315 2944 essetab

275 2976 326 3042 eis
344 2983 380 3041 et
398 2976 580 3042 decidisset
602 2976 720 3041 vultus
746 2974 834 3060 ejus,
857 2983 892 3041 et
910 2976 1073 3041 continua
1094 2984 1207 3043 mente
1227 2996 1317 3061 prm·

276 3095 364 3159 saga
374 3075 509 3141 futuros
521 3083 665 3141 eventus
680 3074 926 3158 ponderabant,
939 3074 1103 3152 dicentes,
1112 3074 1196 3140 ‘Vae
1207 3077 1316 3155 nobis,

275 3175 380 3240 immo
406 3173 472 3241 toti
493 3174 632 3258 Angliae
657 3174 788 3240 carenti
817 3194 898 3256 rege
926 3175 1053 3250 veraci,
1083 3181 1118 3239 et
1142 3194 1316 3258 oppressae

276 3282 424 3358 tyranno
443 3275 587 3340 subdolo
610 3282 646 3339 et
660 3275 800 3339 summis
820 3274 997 3339 conatibus
1016 3294 1158 3357 regnum
1176 3275 1316 3341 misera·

275 3375 344 3439 bile
361 3375 550 3440 avertenti!
596 3373 672 3439 Nos
689 3375 764 3459 jam
786 3372 909 3439 Romae
928 3374 1075 3459 subjecit
1093 3381 1129 3440 et
1149 3373 1316 3442 Romana

277 3475 394 3552 curia),
416 3483 456 3539 ut
475 3475 719 3558 protectionem
740 3473 785 3538 ab
804 3492 847 3538 ea
867 3491 1172 3557 consequeremnr3
1195 3475 1317 3542 timen-

277 3572 359 3638 dum
375 3582 429 3639 est
445 3593 489 3639 ne
503 3574 687 3658 injuriosas
701 3572 994 3656 suppeditationes
1012 3574 1049 3638 in
1072 3580 1245 3657 posterum
1263 3575 1316 3640 in·

278 3673 465 3738 veniamus.
518 3672 702 3758 Nunquam
724 3672 918 3738 audivimus
938 3672 981 3737 de
1000 3672 1116 3757 aliquo
1137 3694 1230 3756 rego,
1255 3675 1315 3759 qui

278 3771 383 3837 nollet
400 3772 489 3838 colla
510 3772 668 3838 servituti
689 3772 910 3852 subtrabere3
933 3772 998 3837 iste
1016 3781 1139 3856 sponte
1161 3793 1316 3838 succum·

278 3870 350 3936 bit’
394 3872 441 3951 Et
456 3873 506 3937 sic
522 3871 749 3937 lamentantes
765 3891 880 3955 regem
894 3870 1081 3937 recedendo
1095 3871 1316 3956 reliquerunt,

277 3970 322 4036 ad
336 3971 477 4056 propria
491 3971 804 4038 revertentes-So
820 3972 856 4037 0.

237 4120 297 4157 rto.
319 4119 373 4157 ΠΙ.

227 4199 303 4275 319,
322 4194 376 4275 17,
391 4206 491 4262 castro
624 4199 786 4264 crastino.

223 4363 276 4378 -
320 4324 575 4408 itaquetenta-
624 4323 795 4390 versutiis.

391 4419 522 4487 ciendos

223 4584 277 4599 -
319 4545 373 4622 23,
390 4551 527 4610 aterum
624 4544 715 4610 addit
735 4543 862 4620 Paris..
878 4543 954 4631 (ille
977 4543 1029 4610 ira
1053 4546 1317 4626 excandescens,
