3334 5734
563 800 759 849 uscrrortns
786 801 918 850 unare.
1218 779 1284 847 229

190 981 225 1045 in
254 1000 322 1064 quo
345 982 454 1047 multa
478 982 617 1048 fuerunt
641 989 774 1049 statute
800 983 844 1048 ed
871 982 1145 1047 reformationem
1169 987 1281 1046 status

191 1080 344 1146 ecclesiae
373 1081 578 1165 Anglicanae
608 1090 644 1147 et
674 1084 872 1149 monasticae
905 1081 1094 1165 religionis,
1126 1082 1216 1146 sicut
1243 1081 1279 1144 in

191 1179 284 1246 dicto
315 1182 459 1246 concilio
494 1182 581 1247 alias
613 1181 747 1266 plenius
776 1182 982 1248 continetur.
1035 1180 1164 1247 Eodem
1197 1200 1280 1263 quo

192 1298 259 1362 que
282 1298 373 1347 anno
395 1281 482 1348 obiit
496 1281 691 1347 willelmus
713 1282 756 1347 de
786 1282 953 1360 Humeto‚
977 1281 1084 1346 abbas
1108 1278 1280 1345 westmo-

192 1380 424 1461 nustericnsis,
456 1381 657 1446 duodecimo
695 1380 857 1446 calendas
888 1381 993 1461 Maii3
1030 1380 1087 1445 cui
1115 1379 1281 1445 successit

193 1477 388 1544 Richardus
423 1480 467 1545 de
500 1479 665 1564 Berling,
705 1481 858 1566 ejusdem
893 1479 1046 1546 ecclesia
1080 1479 1185 1563 prior,
1220 1479 1279 1562 qui

192 1579 309 1643 eodem
342 1599 444 1655 anno,
474 1580 730 1663 quartodecimo
768 1580 929 1646 calendas
964 1578 1136 1657 Octobris,
1165 1598 1187 1643 a
1221 1578 1280 1643 do-

191 1678 283 1743 mino
308 1678 413 1744 Petro
436 1680 667 1745 wintoniensi
693 1679 729 1743 in
754 1679 900 1745 ecclesia
919 1677 1280 1744 westmonasteriensi

191 1796 314 1842 munus
340 1778 585 1844 benedictionis
607 1779 767 1862 suscepit.
819 1779 904 1862 Ipso
931 1797 1067 1863 quoque
1093 1797 1184 1843 enno
1206 1777 1279 1842 Ru-

191 1876 352 1960 nulpbus,
393 1877 617 1944 Cicestrensis
658 1878 852 1962 episcopus,
890 1878 1075 1963 aliquando
1115 1876 1281 1954 officialis,

188 1986 313 2060 postea
333 1978 428 2060 prior
456 1976 701 2055 Norwicensis,
721 1978 812 2044 vium
833 1978 1002 2044 universae
1021 1977 1133 2042 cernis
1155 1984 1208 2042 est
1230 1978 1283 2040 in-

189 2095 351 2158 gressus3
374 2077 430 2141 cui
451 2078 616 2142 successit
636 2077 842 2161 deulpbus
867 2077 910 2141 de
928 2077 1079 2154 Nevillu,
1101 2077 1161 2160 qui
1179 2083 1283 2141 antee

190 2182 308 2240 custos
336 2183 372 2243 et
401 2176 540 2261 bajulus
568 2176 673 2259 sigilli
699 2177 783 2260 regii
813 2178 1007 2254 exstiterat,
1036 2176 1127 2259 regis
1155 2175 1281 2240 fidelis·

190 2275 297 2338 simus
325 2274 562 2353 cancellarius,
587 2295 729 2340 assensu
757 2276 864 2341 totius
884 2277 993 2358 regni,
1012 2275 1130 2359 itaque
1151 2275 1282 2342 scilicet

191 2381 231 2438 ut
257 2393 326 2438 non
345 2374 572 2458 deponeretur
596 2377 640 2440 ab
663 2375 737 2461 ojus
756 2374 862 2458 sigilli
888 2374 1045 2441 custodie
1075 2375 1143 2440 nisi
1174 2375 1281 2441 totius

189 2474 287 2556 regni
315 2474 495 2540 ordinante
516 2494 686 2539 consensu
707 2480 743 2539 et
774 2474 929 2554 consilio,
953 2478 1013 2558 qui
1041 2481 1121 2559 post
1146 2494 1283 2557 suscep-

190 2581 264 2639 tum
281 2573 504 2658 praesulatum
523 2575 650 2639 mansit
666 2574 901 2640 cancellarius.
951 2574 1091 2640 Electus
1108 2573 1175 2639 fuit
1190 2575 1283 2639 circe

189 2673 314 2738 festum
339 2673 501 2739 Omnium
529 2673 744 2753 Sanctorum,
774 2673 833 2738 sed
860 2674 1017 2757 sequenti
1043 2691 1133 2737 anno
1159 2673 1283 2738 confir·

190 2781 317 2838 matus.
378 2772 483 2838 Anno
514 2793 652 2857 quoque
681 2774 758 2856 ipso
788 2773 875 2839 obiit
903 2772 1098 2839 willelmus
1129 2772 1172 2836 de
1204 2772 1283 2855 lily,

190 2871 329 2956 Angliae
355 2871 599 2937 thesaurarius.
652 2871 781 2937 Eodem
806 2889 897 2936 enno
926 2871 1046 2937 sedete
1074 2877 1129 2936 est
1150 2878 1283 2936 contro

191 2973 305 3037 versia
336 2973 426 3037 inter
459 2970 694 3048 Eustachium,
724 2971 921 3055 episcopum
955 2970 1219 3049 londinensem,
1248 2977 1284 3036 et

191 3071 381 3155 capitulum
400 3073 510 3137 sancti
535 3070 635 3135 Pauli
663 3090 708 3135 ex
733 3090 814 3149 una,
838 3078 874 3135 et
891 3069 1103 3135 willelmum
1126 3071 1284 3135 abbatam

191 3180 227 3235 et
246 3179 450 3237 conventum
468 3170 871 3236 westmonasteriensem
892 3188 937 3234 ex
960 3169 1070 3234 altera
1091 3178 1202 3253 purte,
1223 3190 1284 3254 per

191 3270 417 3354 Stephanum,
449 3269 730 3336 cantuariensem
760 3269 1065 3353 archiepiscopum,
1093 3268 1134 3333 P.
1149 3269 1285 3334 winto-

191 3370 358 3448 niensem,
381 3369 426 3435 R.
451 3369 748 3447 Sarisberieusem,
772 3370 962 3453 episcopos,
990 3376 1026 3434 et
1048 3368 1217 3435 'l'bomam
1241 3369 1284 3433 de

192 3468 377 3535 Meretona
404 3476 440 3534 et
473 3469 684 3534 Richardum
724 3468 767 3533 de
810 3468 1034 3553 Dunestaple,
1066 3469 1209 3554 priores,
1247 3469 1283 3533 in

192 3589 280 3654 quos
313 3570 423 3633 ambae
451 3576 569 3652 partes
599 3576 763 3653 tanquam
793 3569 939 3634 arbitros
966 3576 1001 3635 at
1027 3569 1123 3654 pacis
1147 3568 1284 3634 ordina-

191 3676 285 3734 tores
318 3675 584 3748 conscnserunt;
619 3669 678 3752 qui
710 3669 954 3734 monasterium
985 3669 1284 3734 westmonasterii

190 3769 235 3833 ab
259 3767 453 3832 omnimoda
471 3768 684 3853 subjectione
704 3774 739 3832 et
757 3767 996 3853 jurisdictione
1017 3770 1169 3852 episcopi
1194 3768 1284 3833 Lon·

192 3867 344 3931 dioensis
375 3868 513 3951 penitus
549 3874 746 3950 exemptum
779 3866 1049 3946 declaraverunt,
1084 3876 1119 3932 et
1151 3867 1286 3932 ordina·

190 3974 317 4032 verunt
344 3967 435 4052 quod
468 3966 613 4032 ecclesia
644 3967 686 4031 de
713 3965 836 4031 Stunes
864 3985 941 4030 cum
971 3967 1183 4050 pertinentiis
1212 3965 1285 4029 suis

71 4108 75 4115 -
190 4067 226 4131 in
264 4086 348 4131 usus
387 4067 545 4150 proprios
583 4066 736 4131 ecclesiae
772 4064 1151 4131 westmonasteriensis
1191 4083 1285 4131 com·

190 4172 394 4244 mutaretur,
424 4173 460 4231 et
481 4165 670 4231 manerium
698 4165 741 4229 de
772 4164 963 4230 Sumnebus
992 4165 1027 4228 in
1057 4165 1285 4248 proprietates

189 4266 343 4350 episcopi
382 4264 643 4344 Londoniensis,
685 4272 721 4332 ct
759 4265 905 4330 ecclesia
945 4263 1098 4349 ejusdcm
1142 4265 1285 4329 manerii

189 4365 298 4451 cedat·
319 4366 354 4429 in
382 4385 465 4430 usus
494 4366 651 4450 proprios
677 4366 833 4432 ‘ecclesiae
867 4365 979 4430 sancti
1012 4364 1115 4431 Pauli
1144 4365 1182 4429 in
1208 4384 1286 4447 per-

189 4472 344 4550 petuam
