3334 5734
382 748 448 818 288
748 763 947 814 nimiosus
973 763 1104 814 vaura

393 893 451 932 PAO.
471 892 524 930 UN-

384 957 460 1034 130,
476 957 528 1033 29,
542 953 722 1020 emittm
778 950 873 1017 addit
889 951 1017 1030 Paris„
1029 957 1070 1017 et
1080 959 1283 1034 argumenta
1296 926 1360 1036 pro
1374 971 1472 1036 argu·

800 1053 927 1117 mentis
941 1051 1190 1135 excogitantes.

384 1178 459 1255 131,
494 1179 527 1251 5,
536 1176 641 1261 sanus
779 1176 869 1242 deest.

382 1338 434 1350 —
478 1302 531 1380 12,
547 1310 690 1388 soporem
779 1299 978 1364 incircuitu
993 1305 1171 1382 ceperunt.

382 1467 433 1480 —
476 1426 528 1505 26,
543 1425 724 1495 onomata
779 1423 873 1588 Ἥ
905 1423 1030 1501 Paris,
1063 1442 1101 1488 se
1132 1422 1279 1489 stridore
1304 1422 1472 1488 abomina-

385 1649 458 1727 133,
477 1650 532 1725 11,
548 1647 675 1716 amabat
779 1646 899 1713 illicite
913 1645 1096 1713 adamarit

384 1814 434 1827 -
478 1776 530 1851 19,
547 1773 646 1840 aare
780 1771 968 1858 expediens
984 1770 1208 1837 decreverunt
1223 1771 1344 1836 celare.

385 1900 461 1976 135,
500 1900 533 1977 8,
546 1899 733 1965 enutriens·
779 1897 872 1963 addit
913 1896 1027 1974 Puris,
1067 1897 1186 1962 urbem
1229 1896 1471 1980 spoliaverunt,

549 2006 624 2063 mat
801 1996 930 2062 multos
947 1996 1155 2062 occiderunt.

386 2122 460 2199 136,
476 2120 733 2199 restauramur
780 2122 1039 2187 denuntiaretur
1070 2140 1134 2205 per
1162 2139 1290 2185 annum
1322 2127 1359 2186 et
1387 2138 1470 2204 pra·

538 2244 601 2308 per
615 2245 733 2290 menum
801 2222 1003 2288 muniretur.

384 2385 435 2398 -
479 2347 533 2422 25,
549 2347 698 2413 andoure
780 2343 1350 2424 udditPuris.,Oriebuturiuterim
1361 2363 1471 2408 rumor

801 2443 1017 2510 irrecitabilis
1028 2463 1069 2510 ac
1080 2443 1470 2527 sinister,scilicet,quod

801 2544 960 2609 dominus
970 2544 1106 2627 legatus
1119 2563 1218 2609 secus
1227 2563 1330 2628 quum
1341 2542 1473 2608 deceret

801 2664 840 2709 se
854 2643 1002 2709 habebat
1010 2643 1175 2709 adversus
1186 2643 1360 2709 dominam
1373 2642 1472 2707 Blan

801 2763 898 2826 cam3
921 2743 982 2808 sed
1005 2744 1148 2827 impium
1170 2752 1224 2808 est
1243 2743 1309 2808 hoc
1328 2743 1471 2820 credere,

802 2845 885 2927 quia
909 2843 1025 2908 amuli
1050 2843 1126 2928 ejus
1145 2843 1210 2908 hoc
1234 2843 1474 2907 disseminare-

802 2950 897 3021 runt,
914 2943 1083 3026 benignus
1096 2949 1210 3008 autem
1224 2943 1361 3007 unimus
1374 2942 1473 3006 dubia

801 3043 837 3107 in
849 3042 971 3107 melius
983 3044 1239 3125 interpretatur.
1273 3041 1354 3107 Hoc
1370 3043 1470 3107 etiam

801 3161 905 3222 anno,
937 3151 1063 3226 quarto
1089 3161 1197 3207 nouas
1225 3140 1400 3221 Octobris,
1423 3141 1475 3207 die

801 3242 996 3321 Dominico,
1012 3243 1134 3306 beatus
1154 3242 1358 3306 Frauciscus
1377 3242 1415 3306 in
1430 3241 1476 3306 ci·

802 3343 911 3408 vitate
922 3340 1062 3418 Assisii,
1071 3341 1114 3406 de
1122 3361 1193 3425 qua
1202 3349 1298 3407 ortus
1309 3347 1376 3419 est,
1385 3339 1475 3426 apud

801 3449 958 3507 sanctam
986 3441 1135 3506 Marium
1161 3441 1204 3505 de
1238 3440 1474 3518 Portiuucula,

801 3542 862 3606 ubi
878 3542 1039 3607 Fratrum
1051 3541 1225 3606 Minorum
1238 3542 1313 3625 ipse
1325 3541 1476 3606 ordinem

801 3641 964 3717 initiavit,
989 3638 1137 3725 expletis
1165 3634 1291 3724 viginti
1312 3641 1412 3705 anuis
1432 3660 1476 3705 ex

802 3760 873 3824 quo
895 3739 1140 3824 perfectissime
1160 3740 1307 3806 adhaesit
1324 3739 1474 3817 Christo,

802 3841 1037 3925 apostolorum
1061 3841 1227 3905 vitamet
1251 3840 1400 3923 vestigia
1422 3859 1475 3904 se·

802 3959 924 4024 quens,
948 3939 992 4004 ad
1016 3941 1339 4024 contemplationem
1361 3940 1477 4004 caeles-

802 4041 888 4106 tium
918 4038 1094 4121 avolavit3
1126 4041 1200 4123 qui,
1223 4046 1346 4124 postea
1374 4058 1473 4122 quam

802 4140 990 4224 promeruit
1011 4140 1156 4222 gloriam
1173 4140 1253 4219 Dei,
1271 4146 1308 4204 et
1321 4157 1475 4205 remune-

802 4240 971 4306 rationem
982 4239 1149 4305 bonorum
1159 4258 1300 4324 operum
1315 4259 1379 4323 pro
1393 4258 1474 4303 mer·

803 4339 886 4404 cede
902 4338 1083 4423 recipiens,
1098 4339 1135 4405 in
1151 4339 1245 4405 dicta
1261 4338 1404 4404 civitate
1422 4357 1473 4402 se·
1508 4373 1510 4377 ·

802 4439 921 4522 pultus
946 4446 1011 4518 est,
1032 4440 1132 4524 cujus
1151 4440 1224 4505 vita
1249 4447 1285 4506 et
1309 4458 1420 4504 mores
1440 4445 1473 4502 et

802 4539 922 4621 regula
957 4538 993 4603 iu
1024 4558 1115 4607 anno
1144 4539 1314 4623 sequenti,
1345 4537 1473 4604 scilicet
