3334 5734
368 744 435 812 27⁰
738 755 938 808 merlonus
963 755 1096 806 vaura.

384 884 441 923 m.
464 884 517 923 un.

371 944 448 1028 227,
485 943 697 1032 θάψω
766 942 860 1008 addit
886 941 1014 1021 Paria,
1042 943 1097 1008 Dc
1125 961 1196 1027 quo
1218 941 1285 1008 boc
1310 942 1464 1009 mirabile

789 1042 925 1119 accidit,
958 1044 1051 1127 quia,
1083 1061 1163 1108 cum
1199 1042 1464 1125 pontificalibus,

789 1143 880 1208 sicut
906 1142 1012 1209 moris
1049 1150 1115 1221 est,
1151 1160 1276 1226 corpus
1310 1142 1466 1208 defuncti

789 1242 1023 1326 sepeliendum
1044 1241 1278 1324 insigniretur,
1300 1241 1343 1307 dc
1364 1251 1467 1308 nocte

789 1349 959 1407 venerunt
975 1341 1128 1406 homines
1141 1340 1234 1405 iilius
1249 1342 1382 1424 patriae,
1403 1343 1466 1425 qui

792 1440 867 1506 haec
877 1442 994 1506 omnia
1010 1441 1110 1506 oculo
1124 1441 1316 1505 fascinante
1329 1442 1467 1524 inspex-

790 1549 902 1618 erant,
918 1540 986 1623 [et]
1008 1549 1217 1622 aperuerunt
1230 1539 1274 1605 dc
1291 1549 1392 1606 nocte
1413 1561 1466 1606 ae·

790 1638 982 1724 pulchrum,
999 1640 1176 1723 cupientes
1194 1647 1236 1704 ut
1249 1640 1412 1705 annulum
1429 1648 1467 1705 et

790 1738 1020 1821 aliainsignia
1032 1737 1242 1823 episcopalia
1259 1739 1467 1817 furarentur,

790 1838 884 1922 [sed]
903 1838 1048 1903 uallari
1067 1838 1122 1904 rel
1137 1838 1276 1921 ingenio
1296 1838 1332 1903 id
1345 1848 1466 1922 potue·

790 1945 883 2003 runt.
935 1938 989 2003 Dc
1003 1957 1085 2022 quo,
1099 1957 1168 2002 non
1183 1946 1299 2002 tamen
1313 1939 1465 2021 signato,

791 2036 1004 2121 propositum
1035 2055 1271 2102 consummare
1306 2039 1466 2121 neqnive-

791 2143 885 2215 runt,
917 2143 1131 2203 recesserunt
1157 2135 1304 2214 confusi,
1329 2143 1365 2202 et
1388 2157 1465 2221 pcc·

791 2243 870 2301 tora
883 2255 959 2315 sua,
981 2236 1155 2319 inquibus
1175 2235 1345 2302 scelerata
1362 2237 1465 2303 corda

790 2333 987 2414 latitabant,
1002 2343 1256 2420 percusserunt.

374 2509 426 2523 ..
489 2466 521 2544 6,
536 2462 653 2530 Eodem
769 2458 813 2525 B.
830 2458 893 2524 has
911 2478 957 2524 on
974 2458 1033 2524 the
1051 2458 1196 2541 margin,
1217 2457 1299 2525 bere
1317 2478 1358 2524 as
1378 2459 1466 2525 else-

539 2571 669 2650 umpm
792 2557 918 2637 wbcre,
939 2558 1112 2623 extended
1131 2558 1189 2624 the
1208 2558 1328 2641 length
1348 2558 1392 2624 oi
1407 2558 1465 2625 tbe

793 2656 950 2741 chapter,
965 2657 1024 2723 tbe
1037 2658 1133 2723 word
1149 2656 1432 2724 ‘offendiculum’

377 2829 428 2843 ..
471 2788 524 2866 10,
540 2783 691 2851 universis
772 2781 954 2861 universis,
970 2782 1144 2866 precipue
1159 2782 1402 2849 Marcschallo.

377 2952 429 2968 ..
472 2912 524 2989 14,
538 2909 725 2976 mmm...
774 2904 1041 2973 Mareschallum
1056 2915 1092 2973 et
1104 2907 1262 2974 comitem
1278 2907 1467 2975 Britannias

542 3017 699 3076 meeum
795 3024 858 3071 rex
873 3006 1002 3072 invitus
1017 3016 1247 3073 revocaretur.

378 3172 429 3188 -
472 3135 606 3212 timet
626 3139 728 3197 cetu»
774 3130 834 3214 qui
863 3137 939 3196 crat
969 3132 1061 3214 regis
1091 3131 1308 3198 fidelissimus
1337 3132 1469 3198 cancel·

546 3231 728 3298 „dorium
795 3229 903 3296 larius
926 3238 962 3296 ct
979 3231 1184 3297 inconcussa
1206 3232 1367 3297 columna
1383 3233 1470 3298 veri-

544 3329 729 3419 dosmdcti
797 3330 893 3407 tatis,
918 3330 1064 3413 singulis
1088 3349 1153 3395 sua
1173 3330 1267 3416 jura,
1299 3333 1469 3416 praecipue

797 3430 1004 3513 pauperibus
1025 3430 1183 3512 singulis,
1202 3430 1298 3514 juste
1324 3432 1470 3497 reddens

797 3533 834 3593 et
860 3528 1023 3609 indilate3
1060 3529 1096 3596 iu
1127 3529 1243 3595 multis
1269 3532 1370 3613 regni
1398 3551 1471 3615 per·

796 3627 1050 3694 turbationibus
1086 3636 1185 3694 stans
1220 3628 1361 3709 directe,
1402 3651 1470 3698 non

796 3727 931 3793 arundo
952 3727 1105 3811 quolibet
1120 3734 1225 3794 ventu
1245 3730 1393 3812 agitata,
1408 3751 1469 3797 nec

797 3826 973 3892 declinans
989 3828 1035 3893 ad
1044 3827 1203 3893 dextrum
1217 3828 1272 3894 rel
1285 3829 1467 3896 sinistram.

799 3925 1007 3993 Constanter
1041 3927 1149 4011 igitur
1181 3928 1355 4011 petierunt
1393 3950 1468 3996 enm

801 4025 959 4091 monachi
989 4026 1180 4105 memorati,
1212 4029 1313 4111 quasi
1348 4028 1473 4112 dignis·

799 4124 922 4189 simum
958 4132 994 4190 et
1022 4126 1181 4193 idoneum
1215 4127 1369 4192 ecclesia
1401 4148 1470 4195 sua
1602 4181 1604 4184 .

799 4224 1027 4309 approbatum
1054 4225 1278 4305 defensorem,
1300 4235 1471 4310 potentem

800 4326 905 4389 verbo
932 4332 969 4389 et
992 4343 1104 4408 opere,
1130 4332 1170 4390 ut
1195 4325 1342 4392 feliciter
1372 4328 1469 4393 beato
1554 4369 1557 4373 -

800 4422 945 4489 'l'homae
963 4423 1162 4490 succederet
1175 4425 1397 4503 assimilatus,
1414 4426 1471 4511 qni

801 4524 844 4588 dc
866 4523 1071 4589 cancellario
1096 4523 1209 4590 fuctus
1230 4533 1285 4591 est
1308 4526 1471 4611 archicpi-
