3334 5734
498 804 499 807 Ἴ
614 813 898 865 ΙΝΤΒΟΒΠΟΤῙΟΝ.

431 1072 481 1137 Dc
495 1091 575 1137 accc
588 1071 730 1137 uisitata
743 1070 871 1137 ecchsiae
886 1070 1079 1158 Acpliccaae.

262 1194 365 1262 Anno
383 1196 522 1261 Domini
541 1211 661 1260 nuxis.
679 1214 742 1260 rex
756 1194 952 1260 Willelmns
973 1195 1142 1261 diabolico
1164 1196 1298 1262 excita·

211 1303 268 1363 tus
297 1296 434 1380 spiritu,
455 1295 511 1361 vel
536 1294 701 1361 malorum
725 1295 901 1361 hominnm
926 1295 1069 1361 consilio
1095 1295 1298 1376 fascinatus,

211 1396 327 1460 omnia
339 1394 531 1480 Anglorum
546 1395 765 1475 monasteria,
778 1414 857 1479 quse
871 1396 935 1460 sub
949 1397 1159 1480 temporibus
1175 1415 1299 1479 regum-

211 1494 351 1578 Angliae
385 1496 615 1580 piissimorum
650 1514 737 1579 pace
769 1503 806 1561 et
838 1496 996 1561 libertate
1023 1496 1297 1578 gratulabantur,

211 1614 297 1660 auro
310 1596 462 1680 spolians
476 1601 512 1661 et
522 1601 666 1677 argento
682 1596 921 1661 insatiabiliter
936 1595 1182 1679 appropriavit,
1196 1594 1295 1660 sanc·

211 1701 323 1761 torum
339 1703 477 1779 patrum
498 1714 567 1760 non
583 1695 739 1761 deferens
755 1694 1001 1773 sanctionibus,
1018 1695 1133 1772 cartis,
1147 1702 1208 1759 aut
1224 1703 1297 1760 sta-

212 1795 320 1876 tutis3
351 1796 456 1860 immo
481 1795 585 1861 etiam
613 1815 676 1860 nec
696 1795 831 1861 feretris
861 1793 1014 1878 pepercit
1038 1801 1099 1858 aut
1121 1793 1296 1859 calicibus.

212 1893 440 1977 Episcopatus
455 1903 570 1959 antem
585 1901 620 1960 et
634 1894 791 1959 abbatias
804 1912 923 1958 omnes
938 1911 1016 1977 quae
1032 1893 1191 1957 baronias
1206 1902 1298 1959 tene-

212 1994 309 2071 bant,
336 2000 372 2057 et
397 2001 539 2059 eatenus
567 1994 610 2058 ab
637 1994 729 2058 omni
760 1994 901 2058 servitio
926 1993 1071 2057 seculari
1102 1992 1296 2058 libertatem

163 2090 166 2095 ’
213 2092 415 2170 habuerant,
449 2094 512 2157 sub
542 2093 708 2158 servitute
746 2092 870 2159 statuit
908 2092 1069 2172 militari;
1104 2092 1298 2158 inrotulans

212 2190 430 2276 episcopatus
451 2199 487 2256 et
508 2191 664 2257 abbatias
687 2212 750 2275 pro
773 2193 952 2257 voluntate
976 2210 1040 2257 sua
1062 2200 1146 2274 quot
1170 2192 1297 2258 milites

211 2291 335 2355 sibiet
360 2292 614 2357 successoribus
642 2291 713 2357 suis
740 2291 941 2357 hostilitatis
966 2299 1120 2375 tempore
1143 2291 1254 2357 voluit
1275 2312 1297 2357 a

211 2390 357 2472 singulis
373 2391 538 2457 exhiberi.
589 2390 637 2456 Et
652 2391 784 2456 rotulos
798 2391 902 2477 hujus
920 2391 1096 2457 servitutis
1112 2410 1243 2476 ponens
1259 2393 1296 2458 in

211 2489 391 2569 thesauris,
416 2490 542 2555 multos
558 2491 651 2556 viros
675 2492 937 2569 ecclesiasticos,
959 2491 1039 2556 huic
1060 2490 1296 2557 constitutioni

81 2598 86 2609 ’
210 2591 368 2675 pessimae
398 2589 542 2655 rebelles
572 2597 607 2656 et
636 2590 921 2669 contradicentes,
957 2610 980 2655 a
1010 2610 1118 2673 regno
1148 2590 1295 2674 fugavit,

211 2691 270 2774 qni
291 2690 411 2755 exules
433 2699 468 2755 et
485 2709 652 2774 pauperes
671 2691 825 2756 morituri
845 2691 912 2775 ipsi
927 2690 1295 2774 tyranno‘praecordia-

209 2789 287 2856 liter
318 2789 590 2871 maledicebant3
623 2790 713 2855 unde
734 2790 893 2855 timemus
914 2809 957 2854 ne
978 2791 1068 2856 tanti
1090 2790 1193 2855 fuerit
1214 2791 1294 2855 talis

209 2889 421 2974 imprecatio,
447 2897 486 2955 ut
512 2890 549 2954 in
571 2890 683 2973 ipsum
706 2897 742 2955 et
768 2891 806 2954 in
830 2890 957 2955 multos
980 2909 1052 2955 suar
1078 2890 1293 2973 posteritatis

209 2989 422 3056 descenderit
444 2996 648 3073 propagata.
700 2988 773 3053 Sub
799 2988 864 3053 hac
889 3008 971 3054 vero
996 2995 1200 3072 tempestate
1223 2987 1294 3053 Sti·

209 3088 354 3171 gandus,
394 3088 654 3155 cantuariensis
694 3085 982 3169 archiepiscopus,
1018 3094 1054 3151 et
1084 3085 1294 3165 Alexander,

209 3187 472 3266 Lincolniensis,
498 3186 593 3252 iacto
624 3185 667 3250 ad
694 3184 815 3251 Scotos
842 3185 984 3268 refugio,
1013 3204 1142 3251 moram
1167 3186 1294 3253 ibidem

207 3286 373 3366 fecerunt,
396 3286 440 3351 ad
460 3293 595 3369 tempus
611 3285 801 3350 latitantes.
845 3283 947 3349 Solus
963 3303 1044 3349 vero
1066 3285 1156 3349 inter
1174 3304 1294 3351 omnes

206 3372 345 3469 Augilas
382 3385 544 3469 praelatos
573 3383 783 3467 Egelwinus,
821 3383 1062 3449 Dunelmensis
1099 3383 1293 3470 episcopus,

207 3485 301 3563 exul,
321 3484 430 3550 zelum
452 3485 519 3550 Dei
537 3483 699 3560 retinens,
720 3483 1028 3548 excommunicavit
1042 3482 1219 3548 universos
1239 3503 1292 3549 ec·

207 3584 320 3651 clasiae
334 3585 523 3650 invasores.
568 3582 699 3647 Eodem
716 3600 818 3659 anno,
835 3581 993 3665 deposito
1009 3588 1170 3666 apostata
1182 3583 1293 3648 archi·

207 3686 366 3769 episcopo
383 3682 561 3768 stigando,
579 3681 639 3766 qui
661 3681 756 3764 prius
775 3683 960 3747 simoniace
974 3680 1087 3747 iuerat
1111 3682 1291 3767 episcopus

208 3783 499 3861 Helmhamensis,
521 3802 563 3846 ac
587 3780 747 3864 deinceps
763 3780 1024 3857 Wintoniensis,
1050 3788 1086 3845 et
1108 3782 1291 3846 novissime

207 3883 477 3960 cantuariensis,
496 3900 628 3946 necnon
644 3887 680 3944 et
693 3880 784 3962 regis
798 3878 963 3944 Willelmi
974 3879 1090 3944 fautor
1114 3881 1290 3958 subdolus,

207 3982 353 4066 turpiter
378 3982 482 4047 cessit
501 3989 537 4046 et
561 3980 694 4063 turpius
715 3978 873 4056 decessit,
895 3979 951 4042 cui
973 3979 1181 4060 subrogatur
1202 3980 1291 4045 Lau-

205 4083 346 4147 francus
368 4079 632 4157 literatissimus,
659 4078 720 4162 qui
737 4096 781 4142 ex
800 4077 968 4143 monacho
996 4077 1159 4143 Beccensi
1184 4080 1296 4144 abbas

205 4183 320 4247 factus
334 4180 556 4247 cadomensis
573 4178 617 4243 ad
636 4177 765 4243 dictum
786 4176 1104 4261 archipraesulatum
1125 4176 1190 4241 rite
1213 4198 1297 4261 pro..

205 4288 376 4347 movetur.
427 4279 503 4344 Isto
527 4298 609 4343 vero
630 4285 835 4361 procurante
857 4284 1033 4363 promotus
1056 4283 1110 4340 est
1125 4275 1161 4339 iu
1183 4278 1291 4343 abba-

204 4389 274 4447 tem
299 4379 412 4445 sancti
439 4378 578 4457 Albani,
602 4376 795 4461 Anglorum
827 4376 1125 4462 prothomartyris,
1158 4375 1290 4444 Paulus

205 4480 393 4547 monachus
420 4479 692 4544 ordinatissimus
717 4477 783 4542 rite
806 4496 848 4542 ac
869 4476 1038 4557 feliciter3
1073 4476 1133 4559 qui
1164 4477 1289 4542 ibidem

206 4589 241 4647 et
270 4581 424 4647 ordinem
461 4579 686 4645 monasticum
721 4578 906 4661 reparavit,
934 4583 969 4641 et
994 4576 1173 4641 ecclesiam
1204 4578 1290 4641 miro

1126 4698 1142 4739 θ
