3334 5734
558 784 757 836 mmrorrns
778 787 912 836 vsurn.
1206 769 1274 836 309

235 963 397 1030 honorem
428 984 540 1031 meum
579 967 680 1032 amisi
713 967 988 1034 lamentabiliter.
1048 967 1176 1051 Ειοςίῑ
1205 966 1271 1052 igi·

579 1474 671 1540 addit
686 1474 808 1554 Paris,
824 1475 877 1540 Te
900 1483 939 1540 ut
956 1474 1082 1540 laicum
1104 1472 1270 1541 hactenus

601 1575 751 1655 gessisti,
772 1594 794 1639 a
808 1581 843 1640 te
866 1575 983 1657 igitur,
1000 1573 1194 1654 atelano,
1212 1577 1269 1642 cui

601 1692 714 1737 meum
740 1673 892 1738 commisi
913 1673 1121 1752 thesaurum,
1142 1674 1267 1758 exigo;

600 1780 832 1838 veruntamen.

183 1934 234 1947 -
277 1894 330 1971 34,
355 1891 398 1958 Ut
412 1940 421 1958 .
436 1914 531 1959 ..reu
579 1893 636 1959 Ad
663 1895 754 1980 quod
780 1915 857 1961 cum
875 1894 1026 1959 siluisset
1044 1893 1268 1979 arehiepisco-

600 2013 677 2078 pus,
690 1996 784 2060 misit
800 2014 862 2060 rex
876 1994 1077 2078 pradictum
1092 1993 1244 2059 Petrum.

184 2150 235 2162 -
278 2111 331 2193 37,
348 2124 489 2182 ammius
577 2117 729 2280 indutus,
745 2125 885 2202 gestans
906 2116 1097 2190 anelacium
1116 2116 1160 2182 ad
1184 2117 1269 2182 lum·

544 2277 550 2288 .
623 2236 689 2282 are.

184 2340 258 2417 314,
297 2340 329 2414 1,
342 2336 483 2403 aare.
496 2386 505 2405 .
520 2305 547 2405 Γ
580 2337 1270 2423 decebat;immomn1tiiuudinterpre·

348 2438 384 2502 ie
400 2438 485 2503 terri
603 2441 765 2506 tabantur
785 2439 935 2504 deterius
956 2457 1059 2522 quam
1080 2444 1121 2503 nt
1135 2438 1202 2502 dici
1215 2438 1271 2505 vel

349 2535 531 2603 bondonic-
603 2540 706 2604 scribi
720 2540 848 2605 deceat
888 2538 934 2603 Et
946 2546 1028 2603 tnnc
1037 2536 1162 2602 Petrus
1174 2537 1270 2603 flevit

347 2655 418 2701 rum
603 2656 727 2715 amare,
759 2638 891 2702 scilicet
910 2636 1105 2719 ingrediens
1129 2638 1271 2702 navicu·

600 2736 670 2801 lam
694 2736 868 2800 ducendus
893 2734 937 2800 ad
954 2735 1074 2799 turrim
1092 2736 1268 2820 supradic-

603 2842 684 2900 tam.
736 2835 818 2900 Fuit
831 2840 944 2899 antem
962 2834 997 2898 in
1015 2852 1068 2898 ea.

183 2995 234 3008 —
279 2960 330 3037 16,
346 2958 477 3025 hmines
580 2961 685 3028 exilio
699 2961 876 3044 relegaret.

346 3057 482 3124 moleret

184 3219 235 3234 -
278 3181 329 3257 25,
345 3177 399 3244 doe
414 3180 479 3267 rcqi
582 3176 668 3243 ulios
679 3177 817 3243 altiores
833 3194 887 3254 eo,
899 3174 1029 3241 medios
1042 3175 1173 3242 scilicet
1182 3176 1272 3242 inter
1292 3219 1306 3242 .

347 3278 485 3344 animem
603 3295 717 3359 regem
737 3282 772 3341 et
795 3294 885 3353 eum,
904 3276 1028 3358 quibus
1050 3294 1187 3341 necesse
1210 3275 1274 3341 ha-

345 3376 409 3461 q’ar
602 3376 678 3440 buit
697 3373 891 3440 immediate
911 3374 1127 3457 respondere,
1151 3383 1273 3459 utpote

603 3474 794 3541 Walternm
812 3472 1069 3539 Karleelensem
1080 3483 1117 3540 et
1128 3474 1271 3540 Petrum

602 3574 645 3639 de
661 3573 820 3652 Rivalis,
837 3591 906 3637 non
920 3592 987 3651 me,
1009 3574 1213 3657 redarguat3
1236 3580 1272 3639 et

602 3675 652 3739 sic
677 3673 719 3738 de
744 3672 820 3738 aliis
846 3672 1025 3737 umbonem
1054 3672 1183 3738 faciens
1212 3672 1271 3738 de·

602 3772 764 3838 tensionis
792 3772 946 3849 recessit,
970 3770 1007 3834 in
1033 3771 1120 3836 alios
1142 3774 1269 3837 crimen

602 3871 839 3955 retorquendo.
891 3870 937 3934 Et
959 3845 1008 3934 sic
1033 3871 1211 3936 abscondit
1233 3891 1271 3937 se

601 3971 725 4036 iterum
741 3970 914 4036 Robertns
931 3968 1098 4047 Paslewe,
1116 3971 1175 4053 qui
1189 3977 1270 4054 post

604 4069 796 4136 Walternm
836 4068 1093 4133 Karleoiensem
1122 4068 1270 4134 officium

603 4168 805 4235 thesaurarii
838 4168 1146 4247 administraverat,
1175 4169 1269 4251 qnod

601 4269 704 4334 etiam
720 4288 742 4334 a
757 4268 938 4350 diligenter
951 4269 1182 4351 quaerentibus
1199 4268 1269 4332 ani-

601 4387 693 4432 mam
708 4367 783 4452 ejus
799 4367 861 4432 vix
872 4374 926 4433 est
943 4367 1003 4433 ubi
1025 4365 1113 4433 foret
1129 4368 1269 4432 abscon-

602 4467 694 4532 ditus
714 4467 912 4534 revelatum.
963 4465 1043 4532 Rex
1066 4474 1180 4532 antem
1202 4466 1269 4531 fre·

602 4575 658 4631 tus
685 4567 828 4632 consilio
860 4565 987 4633 saniori
1010 4566 1196 4649 Hugonem
1226 4566 1269 4631 de
