3334 5734
539 788 739 839 montona!
761 788 894 840 VARIAE.

166 913 514 1062 &ammessi-
561 994 651 1042 unus
667 993 798 1041 eorum.

334 1073 389 1142 lu

165 1242 218 1256 -
261 1198 418 1281 summ
432 1248 441 1266 .
456 1245 465 1263 .
480 1246 514 1265 ..
562 1197 663 1264 nuo
677 1217 718 1264 ao
733 1159 934 1263 leobaudi.

334 1308 516 1367 nmmo!

165 1470 218 1484 -
262 1430 316 1509 29,
336 1435 518 1495 metuerunt
562 1422 655 1488 addo
686 1422 810 1504 Paris,
840 1424 1004 1489 Similiter
1030 1423 1066 1487 in
1102 1417 1258 1504 partibus

583 1522 796 1589 Alcmenuiae
849 1524 934 1589 fines
981 1517 1258 1603 contingentibus

584 1621 763 1690 haereticos
802 1624 969 1707 quosdam
1014 1619 1259 1705 multiplicatos

584 1722 752 1787 consimili
773 1723 911 1788 miseria
924 1722 1071 1789 involvit
1088 1720 1258 1786 Dominus

585 1822 812 1905 omnipotens,
836 1829 874 1887 ut
891 1822 1001 1887 fidelis
1015 1840 1105 1886 nnus
1121 1821 1259 1902 fugaret

585 1919 689 2000 mille,
716 1928 752 1986 et
772 1922 841 1986 duo
868 1922 982 1987 decem
1011 1920 1121 1986 millia
1143 1938 1260 2003 perso·

586 2027 790 2103 quereutnr3
813 2022 981 2087 conclusit
997 2021 1087 2086 enim
1108 2039 1168 2085 eos
1185 2019 1259 2083 Do·

586 2120 698 2184 minus
719 2121 755 2185 in
779 2121 927 2204 quodum
949 2120 1025 2186 loco
1044 2119 1201 2204 palustri,
1222 2118 1258 2182 iu

586 2238 655 2303 qno
669 2219 838 2303 refugium
854 2227 1090 2306 speraverunt,
1107 2220 1193 2284 muri
1211 2238 1257 2284 ex

586 2325 685 2401 parte
710 2320 820 2386 altero
840 2324 1010 2388 existento
1032 2319 1101 2384 illis
1121 2339 1184 2404 pro
1203 2338 1257 2384 re·

585 2418 727 2501 ungulo,
752 2418 787 2484 in
813 2439 882 2504 qno
907 2428 1105 2505 peremptus
1129 2425 1183 2485 est
1208 2419 1258 2483 in-

586 2516 735 2583 fidelium
756 2520 993 2586 haereticorum
1013 2538 1036 2584 a
1052 2519 1258 2585 Christianis

586 2636 748 2683 uumerus
768 2620 933 2686 infinitus.
985 2619 1065 2685 Hoc
1089 2638 1179 2684 auno
1198 2618 1258 2682 fir·

586 2723 689 2782 mette
718 2724 800 2782 snut
819 2727 950 2802 trengae
974 2720 1195 2801 interregem
1222 2724 1258 2782 et

584 2816 742 2882 comitem
766 2815 978 2883 Richardnm
1003 2817 1256 2882 Marescallum.

166 2982 218 2994 -
261 2949 314 3024 32,
331 2947 492 3034 Htlpania
562 2938 702 3002 remotis
718 2938 883 3021 partibus.

167 3074 242 3150 295,
280 3075 311 3149 5,
326 3073 380 3138 illo
563 3067 621 3133 ille
637 3067 916 3152 praenominatus.

166 3232 218 3244 -
283 3195 516 3276 7‚0n00mmnni·
563 3212 695 3258 necnon
725 3192 904 3277 quosdam,
930 3192 990 3277 qni
1016 3192 1090 3275 regi
1115 3211 1256 3277 sugges·

328 3298 516 3384 campe
585 3300 704 3358 serunt
730 3291 980 3376 exasperando,
1004 3293 1183 3376 episcopos
1207 3292 1256 3358 io

330 3398 517 3480 sistentium
586 3400 705 3458 ventes
763 3399 879 3476 partes
929 3390 1128 3456 Murcsculli
1169 3392 1257 3457 velle

584 3493 689 3558 ulium
705 3511 821 3574 regem
842 3509 970 3568 creare,
990 3499 1180 3557 commotus
1203 3500 1256 3558 est

584 3592 813 3670 vehementer,
828 3591 978 3656 maximo
997 3590 1161 3658 adversm
1183 3592 1256 3658 Ro·

584 3710 704 3775 gerum
714 3690 918 3766 decantem,
928 3690 1098 3773 legistam,
1107 3711 1256 3774 urguens

584 3809 662 3855 eum
686 3791 824 3856 sceleris
846 3790 992 3873 paterni,
1014 3790 1142 3868 dicens,
1163 3792 1254 3874 quod

582 3889 760 3973 patrissui
776 3889 961 3973 proditoris
973 3896 1009 3955 et
1019 3891 1175 3974 suspensi
1191 3910 1254 3973 pro

582 3989 701 4054 eudem
728 3990 921 4074 proditione
942 4008 1088 4072 sequens
1109 3990 1257 4073 vestigia

585 4089 794 4173 petrissavit.
822 4089 1260 4172 Excommunicavitigitur

584 4188 809 4254 incontinenti
820 4188 1005 4271 omnesqui
1016 4196 1135 4253 contra
1145 4209 1257 4273 regem

584 4288 801 4372 iniquitatem
813 4288 1009 4373 hujusmodi
1019 4287 1157 4354 sceleris
1168 4291 1259 4374 cogi·

586 4390 718 4466 tabunt,
730 4387 787 4454 vel
799 4408 904 4473 snper
913 4387 1103 4471 episcopos
1116 4389 1175 4472 qui
1189 4410 1260 4455 om-

586 4487 668 4552 nino
683 4486 852 4552 desoluto
869 4494 904 4552 et
918 4486 1046 4553 honore
1059 4489 1152 4571 regis
1167 4489 1263 4555 solli·

585 4586 794 4666 citabantur,
816 4585 986 4652 malitiose
1008 4586 1092 4652 tulin
1108 4588 1261 4673 impone·

1116 4688 1160 4734 ns
