3334 5734
408 745 473 810 164
774 768 974 818 nncrrouas
997 770 1128 820 viarm.

410 886 483 1027 233,
500 887 552 1026 ii,
570 951 726 1017 incurrere
803 955 1089 1021 exhaeredationis
1103 956 1275 1022 incurrere
1292 956 1483 1037 viderentur,

572 1050 747 1116 uiderentur
829 1055 1019 1137 vulgariter
1032 1056 1096 1121 sub
1111 1056 1248 1122 nomine
1265 1056 1397 1122 felonis.

410 1212 460 1225 -
502 1174 554 1243 29,
572 1172 743 1241 almum
802 1176 895 1242 addit
913 1178 1149 1258 Paris.,'1¹unc
1171 1183 1336 1264 temporis
1361 1201 1486 1264 qnoque

825 1297 888 1342 rex
905 1278 1047 1361 vulpina
1069 1279 1258 1345 calliditate
1280 1281 1325 1345 ab
1341 1281 1485 1344 omnibus

825 1376 1064 1458 religiosorum
1088 1378 1245 1443 domibus
1267 1380 1312 1443 sd
1330 1398 1486 1444 excusan-

824 1475 906 1539 dum
923 1476 1163 1542 excusationes
1180 1479 1217 1543 in
1230 1479 1383 1562 peccatis
1398 1478 1486 1542 char·

825 1582 882 1639 tes
902 1577 1031 1658 exegit,
1060 1578 1184 1659 quibus
1212 1585 1431 1656 testarentur,
1454 1597 1486 1641 se

825 1675 935 1756 gratis
950 1676 1146 1753 contulisse,
1161 1696 1377 1760 quaecunque
1389 1678 1431 1741 ab
1445 1677 1487 1740 eis

825 1772 994 1838 violenter
1007 1777 1162 1841 extorsit.

411 1895 486 1970 244,
502 1894 555 1971 20,
569 1890 739 1977 eaoliputas
804 1897 1001 1964 adornatas.

411 2019 487 2094 246,
501 2020 554 2093 28,
562 2017 658 2101 jussit
804 2018 908 2085 misit.

412 2142 485 2218 249,
523 2139 757 2219 3,amandoe
803 2142 921 2209 desum

574 2237 655 2303 tibus

412 2360 683 2446 252,15,quorto
804 2362 897 2428 addit
922 2363 1045 2441 Paria,
1074 2364 1143 2430 Per
1164 2365 1254 2429 idem
1278 2371 1414 2450 tempus
1436 2385 1491 2430 rex

826 2463 851 2527 J
854 2463 1015 2541 ohannes,
1029 2483 1175 2548 arguens
1191 2464 1383 2530 Robertnm
1394 2464 1490 2529 filiurn

827 2561 975 2627 Walteri
1005 2564 1206 2647 proditionis
1231 2571 1267 2629 et
1292 2564 1492 2640 rebellionis,

829 2668 982 2727 sternere
1016 2663 1097 2727 fecit
1134 2671 1285 2728 castrum
1323 2663 1491 2747 Baynerdi

830 2759 1046 2826 londinense
1068 2762 1103 2826 in
1122 2763 1273 2827 erastino
1298 2764 1412 2827 sancti
1432 2762 1493 2826 Hi·

827 2858 918 2938 larii‚
954 2880 1016 2943 per
1045 2880 1166 2925 manns
1200 2861 1491 2939 Londoniensinm,
1626 2922 1627 2939 ,

828 2958 960 3024 scilicet
979 2960 1034 3024 die
1049 2959 1167 3026 Lnuae.
1219 2960 1286 3025 Die
1302 2981 1385 3025 vero
1399 2961 1491 3025 Joris

829 3059 985 3140 proxime
1007 3060 1164 3143 sequenti
1190 3059 1369 3138 Nicolaus,
1389 3060 1492 3124 Thus

830 3155 975 3222 culanns
999 3160 1191 3241 episcopus,
1213 3158 1351 3241 legatus
1373 3158 1411 3223 in
1426 3159 1493 3224 An·

831 3254 936 3336 gliam
972 3258 1078 3341 venit,
1116 3257 1279 3323 accedens
1313 3259 1425 3341 primo
1455 3258 1494 3321 ed
1626 3288 1627 3347 3

830 3353 1197 3438 westmonasterium
1225 3365 1273 3435 et,
1292 3376 1423 3422 moram
1438 3358 1496 3421 ibi·
1626 3350 1627 3427 i

830 3452 907 3517 dem
941 3454 1068 3519 faciens
1103 3476 1165 3538 per
1196 3456 1385 3521 octodecim
1417 3457 1496 3532 dies,

831 3551 1030 3634 diligentem
1054 3561 1238 3620 tractatum
1271 3555 1392 3621 habuit
1424 3575 1497 3620 oum
1626 3556 1627 3585 ¹

832 3660 1003 3716 conventu
1022 3653 1129 3737 ipsius
1151 3654 1303 3720 ecclesiae
1329 3656 1372 3720 de
1395 3655 1497 3719 refor·
1626 3640 1627 3677 ³

832 3749 981 3815 motione
1007 3753 1236 3836 spiritualium
1270 3761 1306 3818 et
1331 3763 1498 3837 tempora·

832 3847 927 3912 lium.
979 3850 1076 3915 Idem
1106 3872 1186 3916 vero
1215 3852 1307 3935 apud
1334 3852 1499 3918 livesham

832 3946 870 4009 in
892 3947 982 4013 festo
1011 3952 1121 4015 sancti
1147 3950 1341 4016 Eadmnndi
1364 3952 1498 4017 veniens

833 4044 1022 4127 Rogerum,
1047 4048 1199 4134 ejusdem
1224 4050 1379 4115 ecclesiae
1401 4052 1499 4116 abba·

832 4151 915 4221 tem,
936 4147 1126 4212 manifestis
1145 4167 1190 4212 ex
1205 4151 1320 4214 causis
1334 4150 1498 4233 deposuit,

831 4244 1042 4310 substituens
1052 4246 1099 4311 ioi
1114 4246 1348 4331 Rednlphnm,
1357 4251 1497 4333 priorem

831 4342 1118 4424 wigorniensem.
1136 4345 1264 4411 Eodem
1273 4367 1411 4431 qnoque
1421 4354 1498 4412 tem·

832 4460 915 4523 pore
943 4444 1028 4508 obiit
1055 4443 1243 4510 Gaufiidus
1276 4446 1367 4511 iilius
1395 4447 1498 4522 Petri,

831 4538 969 4621 Angliae
981 4543 1201 4626 justitiarius.
