3334 5734
391 770 456 836 lau
758 785 955 835 nnerrouas
979 786 1111 834 vamur.

442 969 644 1033 micissimns
670 968 764 1033 nullo
796 987 881 1033 auro
913 968 1150 1048 redimendus3
1176 976 1212 1033 et
1233 969 1316 1053 qnia
1344 968 1382 1033 in
1410 969 1485 1051 lege

443 1077 504 1133 tua
529 1070 652 1133 canina
681 1068 848 1152 persistis,
872 1087 1069 1152 quanquam
1095 1087 1158 1133 rex
1185 1077 1221 1133 et
1250 1088 1320 1133 non
1346 1068 1486 1133 inferior

444 1188 510 1245 me,
532 1176 647 1233 tamen
671 1176 776 1251 caput
792 1175 890 1232 tuum
910 1168 1147 1250 amputarem?
1197 1167 1247 1233 At
1269 1154 1486 1245 Salaadinus,

446 1267 648 1351 ‘Nunquam
676 1277 710 1333 te
737 1268 842 1333 talem
870 1268 1063 1331 habiturum
1095 1275 1302 1350 potestatem
1329 1268 1489 1345 arbitror,

444 1388 503 1432 ore
534 1377 594 1433 tuo
627 1377 741 1432 autem
771 1375 805 1431 te
833 1367 966 1451 judico,
994 1376 1030 1431 et
1060 1386 1127 1448 ego
1157 1367 1231 1450 ipse
1261 1368 1488 1432 incontinenti

445 1476 550 1550 caput
565 1475 661 1532 tuum
679 1467 887 1549 amputabo!
937 1465 961 1530 J
964 1467 1048 1531 ussit
1070 1486 1154 1549 ergo
1176 1466 1303 1531 adferri
1326 1467 1393 1530 sibi
1416 1467 1488 1548 gla-

445 1567 538 1632 dium
555 1568 783 1650 evaginatum.
837 1565 886 1631 At
899 1566 1036 1630 vinctus
1053 1567 1212 1631 alacriter
1228 1566 1437 1649 prosiliendo
1453 1574 1487 1631 et

445 1666 526 1732 laeto
553 1667 652 1732 vultu
687 1666 754 1750 ipsi
781 1666 1090 1749 appropinquando
1118 1666 1273 1731 extendit
1300 1667 1333 1730 ei
1361 1665 1485 1730 collum

446 1766 574 1844 dicens,
594 1766 698 1831 ‘Hoc
720 1765 883 1848 estquod
910 1766 1040 1847 optavi,
1066 1784 1145 1831 ecce
1165 1773 1281 1848 caput,
1304 1764 1390 1829 nihil
1415 1786 1485 1829 am-

445 1865 536 1949 plius
552 1866 764 1949 asportabis3
787 1865 921 1946 gaudeo
938 1864 980 1929 de
997 1884 1104 1929 causa
1119 1866 1240 1929 mortis
1256 1865 1349 1929 etde
1366 1864 1485 1929 ferien-

447 1965 492 2030 tis
506 1965 735 2030 anctoritate?
771 1964 974 2028 Salaadinus
988 1975 1102 2029 autem
1116 1965 1234 2029 statim
1247 1972 1353 2049 caput
1363 1966 1484 2048 ipsum,

446 2066 603 2129 manibus
619 2085 640 2128 a
657 2074 755 2148 tergo
765 2064 902 2143 vinctis,
917 2063 1110 2128 decollavit.
1144 2063 1232 2144 Quis
1248 2072 1363 2129 autem
1376 2066 1484 2147 ipsum

446 2174 630 2251 martyrem
646 2185 721 2230 esse
735 2164 922 2247 gloriosum
936 2163 1172 2229 dubitaverit?

397 2312 453 2348 t’aa.
487 2313 539 2349 utut.

398 2391 451 2465 64,
511 2393 540 2467 1,
556 2398 728 2456 curaretur
790 2397 993 2469 moraretur,
1008 2391 1099 2456 infra
1119 2390 1211 2476 quod
1231 2399 1365 2474 tempus
1382 2391 1484 2476 jussit

812 2489 904 2575 apud
927 2489 1049 2555 Achon
1074 2490 1240 2575 capellam
1262 2492 1298 2554 in
1324 2491 1483 2555 honorem

813 2590 924 2655 sancti
953 2589 1094 2657 Thomas
1119 2591 1280 2675 martyris
1305 2590 1482 2670 fabricari3

818 2690 867 2754 00.
882 2697 910 2754 et
923 2690 966 2754 R.

396 2848 446 2863 -—
489 2813 543 2888 31,
558 2831 710 2876 ausorum
791 2831 971 2891 annornm,
991 2811 1083 2895 quud
1100 2810 1243 2876 multum
1268 2812 1345 2876 Deo
1367 2811 1482 2894 displi-

813 2913 897 2989 cuit,
924 2932 965 2976 co
994 2911 1087 2995 quod
1113 2911 1261 2976 schisma
1277 2911 1484 2977 Christiano·

814 3031 888 3074 rum
906 3019 981 3076 erat
996 3012 1032 3075 in
1049 3030 1166 3086 causa.

397 3130 450 3207 65,
491 3133 542 3208 ll,
558 3142 732 3217 repererunt
792 3136 979 3217 reperiunt.

396 3292 447 3305 -
492 3254 544 3330 19,
561 3254 626 3317 Deo
634 3256 708 3339 sore
793 3258 943 3323 Domino
958 3259 1075 3323 fuisse.

397 3375 449 3450 66,
493 3372 768 3449 ruricolonum
795 3381 1026 3448 Germaniam.

396 3538 446 3550 -
491 3501 542 3575 19,
546 3500 746 3583 pomulorum
792 3506 1020 3589 expetierunt.

396 3659 446 3670 -
491 3625 544 3697 24,
560 3622 718 3689 includens
792 3630 973 3694 inclusum.

399 3748 450 3825 68,
491 3750 542 3824 30,
560 3749 694 3911 me'
794 3753 935 3835 cupivit.
990 3754 1082 3819 Dum
1099 3765 1224 3821 autem.

583 3870 634 3911 um

398 3972 451 4045 69,
491 3974 544 4048 18,
559 3972 745 4039 custodirent
793 3975 1040 4042 custodierunt.

399 4093 449 4174 70,
510 4100 540 4174 9,
556 4098 694 4163 Benaco
794 4095 1030 4163 Romanorum
1045 4100 1212 4167 Henrico.

396 4256 447 4269 -
491 4219 542 4294 10,
556 4228 585 4282 ot
599 4228 672 4284 trum
793 4240 906 4303 quem.

396 4372 448 4386 --
492 4343 544 4418 14,
552 4344 700 4428 precepit
710 4344 744 4408 io
792 4343 916 4409 uddcuat
928 4346 1066 4426 Caelii„
1078 4349 1161 4414 illud
1171 4351 1346 4434 oppidum,
1359 4353 1394 4416 iu
1407 4372 1488 4436 qua·
1540 4374 1544 4378 ⁴

563 4442 698 4507 Trivalli
815 4443 893 4508 dam
909 4449 1086 4529 provincia
1103 4457 1155 4513 est
1173 4450 1208 4513 in
1232 4469 1302 4532 qua
1323 4460 1405 4516 sunt
1421 4459 1489 4516 tres

815 4545 1088 4625 profundissimae
1111 4549 1217 4614 valles
1244 4558 1280 4615 et
1302 4571 1433 4636 opacae,
1455 4554 1488 4616 in
