3334 5734
558 791 754 842 suessones
776 791 908 844 vesun.
1205 777 1271 844 805

236 975 322 1040 bant
340 972 570 1052 comburendi,
595 979 715 1056 utpote
734 972 963 1039 Swuneburne
985 973 1172 1039 manerium
1196 972 1269 1046 Ro-

236 1075 327 1140 berti
347 1073 542 1150 Passeleve,
564 1080 599 1138 et
620 1072 816 1149 Yvinkebo,
844 1072 995 1156 episcopi
1010 1071 1268 1155 Wintoniensis,

235 1192 314 1239 cum
344 1174 498 1256 frugibus
523 1179 559 1238 et
583 1172 805 1251 animalibus3
837 1180 872 1238 et
898 1172 1028 1237 insidiis
1055 1181 1266 1256 praeventum

237 1272 449 1339 willelmum
476 1272 519 1337 de
549 1270 731 1337 Holewere
759 1271 913 1349 militem,
943 1271 1152 1337 Hertfordiae
1178 1274 1268 1339 vice·

235 1373 406 1451 comitem,
427 1371 575 1455 eoquod
597 1369 706 1435 affinis
726 1378 817 1436 essct
835 1372 926 1436 dicto
946 1371 1099 1436 Roberto
1121 1378 1157 1437 et
1171 1391 1267 1438 soro·

235 1491 307 1536 rem
326 1472 605 1556 desponsaverat,
626 1469 834 1535 truculenter
855 1470 1070 1537 abduxerunt
1092 1477 1128 1536 et
1147 1470 1192 1536 sd
1213 1492 1267 1537 re·

232 1571 463 1655 demptionem
492 1588 632 1654 gravem
657 1570 913 1653 compulerunt3
950 1577 1149 1655 septemque
1174 1589 1267 1636 snm·

235 1670 362 1736 marios
397 1677 554 1737 oneratos
590 1667 755 1752 Stephani
790 1669 832 1734 de
867 1668 1017 1752 Segruve
1048 1676 1084 1735 et
1115 1670 1267 1754 episcopi

234 1769 482 1836 wintoniensis
502 1770 591 1834 inter
616 1768 812 1851 Radingnm
833 1775 869 1833 et
890 1767 1118 1852 Wulingefort
1144 1788 1266 1854 rapue-

233 1879 326 1936 runt.
378 1869 520 1935 Interim
547 1874 662 1933 cestra
688 1868 823 1933 comitis
852 1868 1047 1934 Marescalli
1078 1876 1265 1953 rapuerunt

234 1969 302 2053 ipsi
325 1988 483 2054 proceres
510 1966 698 2045 Hibernis,
719 1975 924 2051 occupantes
946 1975 982 2033 et
1002 1968 1091 2034 inter
1114 1987 1152 2034 se
1178 1968 1266 2034 divi·

234 2068 366 2148 dentes,
382 2070 472 2134 sicut
488 2068 537 2133 eis
555 2085 616 2151 per
632 2067 785 2132 obortam
799 2067 891 2150 regis
903 2067 1039 2133 fuerunt
1055 2067 1264 2147 confirmata,

232 2168 503 2252 possessionibus
517 2166 760 2232 incumbentes.

194 2308 252 2347 Μ.
281 2309 333 2347 ΠΙ.

183 2373 259 2450 309,
277 2373 331 2450 13,
347 2371 499 2455 infidam
573 2368 610 2432 in
622 2367 741 2432 fletum
756 2373 791 2430 et
805 2364 1094 2431 lamentationem.

179 2530 233 2544 —
274 2498 328 2574 20,
343 2493 486 2583 copulat
573 2489 665 2556 addit
679 2489 799 2566 Paris,
814 2490 1000 2554 consimilis
1014 2488 1125 2554 inboc
1137 2488 1264 2569 David,

596 2608 714 2656 casum
743 2588 858 2656 Saulis
892 2598 928 2654 et
955 2587 1117 2655 Jonathae
1148 2588 1265 2672 deplo-

596 2688 715 2753 rantis.

178 2861 230 2874 -
273 2820 327 2895 21,
341 2818 480 2885 lumbos
574 2811 792 2878 offendentes.

179 2985 230 2998 -
271 2952 431 3029 -potcst
571 2935 661 3001 doust

178 3108 229 3121 -
272 3069 501 3153 superacuto
571 3061 739 3137 fidelibus,
760 3077 848 3144 quos
869 3057 965 3123 falsis
986 3057 1262 3142 suggestionibus

344 3166 510 3232 rilusDc·
592 3179 716 3226 exosos
732 3159 853 3224 hebuit
869 3158 1064 3242 aliquando.

341 3287 459 3331 nucum

177 3427 228 3442 ..
271 3388 517 3471 dzfimorctor
569 3382 661 3449 addit
689 3381 814 3456 Puris..
848 3379 1062 3465 Dicebatque
1093 3380 1260 3465 archiepi-

591 3501 715 3566 scopus
729 3480 1062 3559 circumsedentibus,
1077 3479 1164 3546 forte
1178 3501 1259 3564 rege

591 3581 761 3659 audiente,
776 3579 867 3664 quod
880 3579 924 3645 ad
938 3579 1041 3645 talem
1058 3580 1158 3645 linem
1174 3581 1258 3645 mul·

590 3683 636 3748 tis
676 3686 903 3764 pervenerunt
942 3678 1257 3763 disceptationibus,

591 3780 691 3844 minis
712 3778 896 3863 aliquando
916 3797 960 3842 ex
985 3786 1084 3862 perte
1109 3779 1200 3862 regis
1222 3786 1258 3845 ct

590 3880 695 3945 totius
725 3878 808 3944 cleri
834 3878 1158 3958 intercurrentibus3
1184 3879 1258 3962 qui·

588 3980 653 4044 bns
677 3976 777 4042 minis
802 3977 853 4042 sic
877 3976 1001 4042 dicitur
1021 3976 1182 4042 Leolinus
1203 3997 1256 4043 re-

588 4078 777 4163 spondisse,
788 4076 892 4141 ‘Plus
907 4069 1011 4141 timbo
1025 4077 1256 4160 eleemosynas

587 4178 679 4260 regis
704 4196 807 4260 quam
834 4182 941 4242 totam
965 4176 1040 4261 ejus
1064 4195 1141 4241 cnm
1165 4176 1256 4242 clero

587 4273 766 4342 militiam!

170 4412 248 4487 310,
289 4412 319 4487 2,
334 4407 468 4474 oculatos
566 4400 786 4485 proscriptos.

172 4572 223 4583 —
288 4534 318 4611 8,
334 4531 480 4596 conducta
566 4523 736 4590 conductu
752 4522 968 4587 ducerentur.

1083 4663 1109 4710 X
