3334 5734
403 752 469 820 loe
769 773 969 824 arenosus
992 774 1122 826 varin.

453 953 569 1019 Luciae
582 955 735 1039 virginis,
746 965 782 1022 et
793 957 829 1021 in
843 957 962 1039 vigilia
978 964 1107 1023 sauctae
1123 955 1241 1022 Luoiae
1255 954 1491 1022 transfretavit
1541 924 1546 937 ’

452 1054 488 1118 in
515 1054 721 1121 Flandriam.
773 1056 820 1122 Et
841 1057 877 1121 in
907 1059 994 1122 mari
1019 1058 1177 1141 promisit
1195 1064 1313 1123 votum
1340 1056 1492 1138 martyri,

451 1153 605 1218 faciendo
620 1175 722 1221 unam
737 1156 905 1240 capellam
919 1157 1079 1222 fabricari
1092 1157 1128 1221 in
1143 1155 1303 1222 honorem
1325 1155 1436 1239 ipsius
1455 1155 1490 1218 in

451 1252 560 1318 Terra
573 1264 706 1332 saneta,
724 1256 782 1322 ubi
795 1256 827 1320 ei
838 1256 910 1321 dux
926 1264 1018 1322 esset
1031 1264 1067 1322 et
1080 1263 1175 1322 tutor
1185 1258 1221 1321 in
1234 1263 1328 1321 terra
1344 1263 1381 1320 et
1395 1254 1490 1331 mari,

450 1353 543 1437 quod
559 1353 759 1438 adimplevit
774 1364 898 1439 postea
912 1357 1004 1439 apud
1019 1354 1151 1434 thon,
1166 1363 1270 1440 prout
1285 1356 1430 1421 dicetur.

400 1474 457 1514 m.
494 1475 547 1515 UH·

402 1539 456 1613 15,
494 1540 548 1615 12,
563 1538 711 1607 Humdrae
796 1541 886 1609 deest.

402 1661 454 1737 16,
491 1662 543 1739 1⁰,
558 1662 685 1732 ioelasit
796 1666 888 1731 addit
903 1666 1026 1744 Paria,
1040 1665 1269 1732 Praetorillud
1284 1671 1401 1730 autem
1415 1684 1487 1748 gru·

815 1786 950 1843 vamen,
969 1767 1061 1850 quod
1080 1765 1210 1849 Anglia
1228 1774 1311 1830 tuno
1332 1766 1484 1848 pertulit,

815 1886 878 1930 rex
899 1865 1022 1931 avidus
1042 1866 1086 1931 ad
1109 1866 1288 1949 pecuniam
1311 1866 1486 1947 anquiren-

815 1965 895 2030 dam
928 1965 1028 2048 tingit
1065 1984 1103 2030 so
1139 1964 1295 2030 amisisse
1336 1963 1486 2047 sigilium

816 2085 928 2143 suum,
964 2072 1000 2129 et
1029 2084 1153 2131 novum
1191 2064 1272 2130 feeit
1306 2062 1484 2145 fabricari3

816 2165 908 2247 quod
923 2164 1091 2248 publicari
1115 2164 1207 2243 fecit,
1230 2171 1266 2229 at
1280 2163 1317 2228 in
1336 2163 1488 2247 quolibet

816 2265 981 2329 comitatu
1002 2263 1195 2341 acclamari,
1219 2271 1259 2329 ut
1283 2263 1487 2347 quicumque

817 2382 870 2441 ea,
881 2381 960 2448 quae
976 2363 1072 2446 prius
1084 2364 1120 2428 in
1134 2363 1255 2428 charta
1268 2363 1418 2439 fuerant,
1434 2382 1488 2427 se·

817 2463 933 2529 curius
945 2470 1060 2528 tenere
1075 2462 1295 2540 desideraret,
1306 2461 1350 2526 ad
1361 2481 1487 2527 novum

818 2562 969 2645 sigillum
980 2563 1096 2629 venire
1110 2582 1179 2628 non
1190 2562 1384 2646 pigritaret.
1415 2561 1487 2627 Un-

817 2662 860 2727 de
882 2663 1035 2745 oportuit
1060 2661 1198 2740 multos,
1222 2662 1282 2745 qui
1311 2661 1424 2745 ipsum
1451 2661 1486 2726 in

816 2760 947 2845 Anglia
977 2781 1046 2827 non
1068 2761 1219 2827 invenire
1248 2767 1421 2845 poterant,
1442 2760 1484 2825 ad

816 2862 929 2945 ipsum
946 2861 1166 2927 transfretare
1179 2869 1213 2926 et
1225 2861 1268 2925 ad
1279 2860 1355 2945 ejus
1366 2860 1485 2926 volun·

816 2968 921 3026 tatem
937 2959 1038 3026 finem
1053 2961 1177 3039 faeere,
1193 2968 1232 3026 ut
1246 2961 1376 3043 scripta
1389 2962 1483 3044 prius

814 3061 953 3144 signata
965 3080 1055 3127 noro
1069 3060 1184 3143 sigillo
1199 3060 1429 3143 signarentur.

403 3178 454 3259 17,
492 3176 547 3256 27,
566 3186 748 3245 mmm
792 3184 884 3249 addit
913 3184 1036 3263 Paris,
1065 3185 1235 3268 Tempore
1262 3203 1399 3268 quoque
1423 3185 1485 3249 sub

815 3283 934 3349 eodem
958 3284 1190 3362 Baldowinus,
1211 3284 1484 3368 archiepiscopus

816 3383 1086 3463 Cantuarionsis,
1106 3384 1292 3449 celebravit
1306 3383 1485 3450 concilium

814 3483 906 3567 apud
919 3483 1273 3561 westmonasterium,
1288 3484 1404 3568 ibique
1425 3502 1483 3549 va-

813 3582 963 3648 ledicens
978 3583 1140 3649 fratribus
1157 3585 1223 3648 iter
1239 3583 1384 3666 arripuit
1399 3583 1481 3649 Hio-

813 3682 1096 3767 rosolymitanum
1118 3682 1299 3766 magnifice
1316 3701 1483 3768 praepara·

813 3790 882 3847 tus.

397 3944 448 3958 -
491 3905 543 3980 30,
567 3899 723 3979 willemi,
792 3904 1015 3984 Willelmum,
1029 3905 1199 3972 Eliensem
1213 3905 1423 3988 episcopum.

560 4001 696 4067 Elieasia

559 4101 690 4187 Opim.

398 4228 450 4303 18,
471 4227 522 4305 14,
537 4224 652 4291 Eodem
662 4245 743 4290 oeno
792 4222 878 4288 This
888 4223 1066 4309 chapteris
1076 4223 1340 4307 wantingintha
1348 4221 1481 4306 printed

814 4323 973 4404 editions,
989 4326 1053 4391 but
1066 4344 1186 4391 occurs
1200 4325 1236 4388 in
1253 4323 1293 4389 G.

395 4489 446 4502 -
489 4451 541 4528 30,
556 4448 702 4514 omittatis
795 4447 839 4512 In
855 4447 914 4513 the
932 4448 1072 4516 Cotton.
1093 4448 1171 4515 MS.
1195 4448 1225 4513 it
1247 4448 1278 4512 is
1298 4445 1380 4512 thus
1403 4465 1483 4512 con·

815 4548 944 4627 tinued,
971 4549 1226 4627 ‘Baldewinus,
1257 4546 1482 4630 archiepiseo·
